2859 4709
149 4246 160 4389 i

442 382 952 458 Pntt'nno'x'on'l.
1153 406 1202 483 ²⁹

151 594 155 613 ἱ
191 509 279 609 Μ
305 509 367 602 fas
396 514 483 586 iruna
506 517 650 588 Numam
675 518 872 613 Pompilium
895 540 1059 614 regirare,
1087 539 1123 593 ut
1146 542 1203 595 tua

194 608 275 706 ssgtra
293 610 399 684 nobis
423 614 686 692 ceremoniam
704 611 783 708 fine.
809 616 950 686 Terent.
973 619 1085 688 Andr.
1110 620 1203 689 Deos

156 766 168 791 ,,
199 708 312 802 meso,
337 727 375 779 ut
395 705 631 805 fit-superfles.
658 710 768 785 Cicer.
781 735 816 788 2.
845 713 942 784 Catii.
964 698 1055 784 Deos
1074 712 1204 784 immor·

156 814 167 841 ¹·
196 806 268 876 rates
283 806 447 901 precari,
475 809 641 889 venerari,
671 831 767 903 atque
781 810 953 908 implorare
969 807 1141 892 debemur,
1165 828 1204 881 tu

197 901 299 972 urbem
326 899 517 992 defendant.

239 1000 304 1080 Ut,
329 999 451 1070 dicunt
473 1022 595 1093 negare
614 997 687 1089 post
705 997 808 1072 verba
826 1000 981 1088 timoris;
998 1002 1090 1094 quod
1106 1024 1205 1074 mon·

197 1092 294 1167 strum
316 1095 367 1166 ita
403 1095 543 1189 vulgare
571 1094 645 1177 est,
672 1114 708 1168 at
734 1097 841 1167 dodis
870 1099 970 1169 etiam
1000 1096 1205 1191 imposuerit.

197 1191 286 1262 Nam
312 1189 524 1274 Lambinus,
545 1190 580 1262 in
604 1191 660 1262 itio
683 1193 806 1265 Horat.
831 1193 920 1266 tiur.
945 1198 1090 1293 Satyr.3.
1113 1197 1206 1268 Nam

196 1310 229 1359 ut
242 1284 364 1378 ferula
396 1293 494 1361 cedas
518 1291 662 1360 meritum
688 1292 814 1379 majora
829 1289 942 1376 subire
966 1292 1112 1370 Verbera
1138 1314 1205 1363 nott

197 1403 329 1457 vereor:
361 1384 480 1459 frustra
503 1383 614 1464 sudat,
637 1382 674 1456 ἃ
701 1386 782 1456 nihil
807 1385 960 1478 explicat.
1002 1390 1080 1461 Nec
1107 1386 1205 1458 intel·

196 1481 291 1579 Egit,
322 1485 393 1563 Ut,
415 1479 622 1577 fignificare,
646 1482 930 1577 quemadmodum,
952 1484 1006 1556 vei
1027 1486 1206 1581 quomodo,

196 1598 232 1651 ut
256 1577 284 1648 fi
310 1581 422 1649 dieas:
451 1582 599 1652 Litteras
626 1579 669 1650 ad
687 1602 728 1652 te
750 1578 836 1674 mist,
867 1604 979 1655 vereor
1005 1603 1042 1653 ut
1065 1582 1206 1655 reddan-

195 1694 265 1746 tur.
305 1676 356 1744 Et
388 1674 458 1764 post
477 1675 578 1747 verba
603 1677 732 1748 timoris
759 1675 864 1747 solere
887 1677 1009 1769 apponi
1043 1676 1099 1749 has
1123 1700 1206 1766 pat-

195 1769 349 1853 ricidas,
375 1756 650 1865 quemadmodum,
674 1774 733 1844 vel
763 1773 943 1868 quomodo,
974 1776 1009 1846 in
1037 1771 1207 1868 fignifica-

197 1870 296 1939 tione
326 1869 401 1951 Ut,
432 1870 541 1944 tritum
569 1868 640 1951 est,
665 1868 704 1944 ἃ
737 1869 980 1965 pervulgatum.
1033 1869 1143 1942 Cicer.
1171 1872 1206 1941 itt

199 1964 250 2036 ut.
263 1985 328 2039 11.
362 1960 444 2058 epia.
461 1986 517 2042 10.
562 1967 695 2050 Timeo,
719 1964 981 2061 quemadmodum
1003 1965 1070 2035 taec
1096 1965 1207 2058 expli·

201 2064 264 2133 tari
286 2060 416 2159 poffint.
456 2064 500 2133 Et
527 2087 603 2134 cnm
630 2065 701 2139 aliis
725 2063 858 2135 verbis:
886 2061 997 2139 Cicer.
1029 2080 1091 2157 pro
1114 2060 1208 2147 Ruit·

203 2154 379 2253 Postulatio
402 2158 530 2239 brevit,
554 2159 616 2242 tr,
641 2166 796 2256 quomodo
820 2159 900 2232 mihi
918 2159 1120 2257 persuadeo,
1145 2160 1210 2229 aii·

204 2278 317 2350 quanto
353 2258 487 2351 aequior.
524 2257 623 2329 Idem
647 2278 710 2355 pro
741 2256 856 2352 Quint.
888 2257 1023 2351 Quem,
1053 2258 1209 2350 quomodo

205 2376 280 2426 nuno
296 2354 465 2432 intendit,
485 2378 525 2426 ne
540 2355 649 2426 vivum
665 2354 792 2449 quidem
807 2375 884 2426 tunt
904 2353 1072 2449 putabant.
1108 2353 1208 2423 Idem

205 2454 273 2523 Att.
304 2452 425 2528 Nam,
455 2451 609 2545 quomodo
633 2468 716 2523 nunt
743 2448 807 2541 eli,
835 2451 945 2547 pedem
971 2449 1026 2522 udi
1051 2468 1152 2546 ponat
1174 2451 1210 2523 itt

196 2546 253 2634 suo
275 2570 345 2617 nort
371 2546 476 2617 habet.
502 2550 523 2619 i.
547 2567 584 2618 ut
610 2572 697 2620 nunc
713 2545 774 2618 est.
817 2548 891 2637 Qui
925 2550 1045 2620 docent
1079 2547 1123 2617 Ut
1149 2567 1211 2614 ne·

201 2667 281 2738 gare
308 2640 386 2735 post
408 2641 507 2714 verba
534 2644 692 2722 timoris,
722 2641 800 2737 quid
826 2644 961 2721 dicent,
988 2640 1012 2712 fi
1037 2639 1110 2734 post
1136 2642 1210 2723 Ut,

199 2739 360 2836 sequatur
383 2738 540 2835 negatio?
580 2741 689 2814 Cicer.
702 2758 764 2834 pro
780 2742 919 2812 Marcei.
944 2740 1083 2823 Vereor,
1095 2757 1130 2808 ut
1151 2738 1210 2809 hoc

197 2844 288 2935 quod
309 2836 435 2918 dicam,
456 2863 520 2908 non
535 2839 671 2933 perinde
691 2839 836 2935 intelligi
854 2839 969 2909 auditu
986 2835 1100 2933 poffit,
1116 2855 1211 2932 atque

198 2962 262 3035 rgo
290 2934 362 3031 ipse
385 2936 532 3030 cogitans
549 2934 667 3019 sentio.
716 2936 833 3025 Quem
858 2934 971 3005 locum
1003 2934 1079 3026 qnia
1107 2954 1213 3001 cona-

196 3054 259 3205 ‘Bt
281 3026 706 3224 tii‘tt‘iitffliiit
721 3027 1014 3201 iiiiii?
1039 3029 1213 3197 „Sitit

349 3181 357 3195 ·
938 3171 949 3204 9

195 3223 339 3322 prouisa
358 3227 524 3320 principia
542 3246 714 3321 ponantur.
740 3226 838 3295 Idem
854 3246 886 3300 2.
911 3223 1005 3312 Tusa.
1036 3225 1080 3293 Et
1104 3242 1212 3293 tamen

201 3346 370 3401 veremur,
394 3343 429 3394 ut
453 3324 512 3395 hot
537 3321 621 3418 quod
642 3318 664 3394 d
686 3342 750 3391 tam
769 3323 897 3408 multis,
912 3319 952 3396 (9·
973 3339 1020 3390 tot
1041 3319 1122 3391 iocis
1137 3338 1213 3412 per-

194 3420 358 3513 feratur,
384 3425 503 3491 natura
526 3443 589 3491 uon
611 3419 769 3516 potiatur.
806 3419 906 3488 Idem
935 3421 1011 3488 Au.
1034 3415 1088 3485 tib.
1103 3435 1136 3506 7.
1173 3413 1214 3489 Si

203 3537 315 3588 manet
338 3538 452 3587 vereor
477 3537 513 3589 ut
538 3518 711 3588 exercitum
727 3513 857 3603 firmum
880 3511 995 3586 habere
1020 3535 1084 3582 non
1110 3506 1214 3603 poffir.

207 3611 361 3705 Quintil.
381 3613 436 3682 lib.
445 3614 479 3686 8.
504 3633 619 3707 tup.3.
646 3613 805 3707 Oppido,
829 3634 891 3707 quo
910 3610 989 3697 sunt
1012 3603 1059 3701 ufi
1080 3606 1215 3701 paulum

207 3729 354 3802 ternpore
373 3705 476 3803 nostro
495 3709 702 3805 superiores,
733 3731 867 3784 vereor,
891 3726 926 3777 ut
952 3728 1016 3775 non
1035 3706 1106 3796 jam
1123 3699 1228 3790 ferat.

211 3806 391 3902 quisquam.
430 3804 540 3876 Caesar
566 3804 618 3875 lib.
631 3825 662 3900 5.
693 3804 770 3879 Gai
782 3823 850 3899 cap.
863 3823 919 3878 12.
942 3800 980 3876 V
978 3797 1101 3879 erum,
1117 3792 1149 3889 fi
1166 3820 1216 3881 stt

213 3903 368 4002 hybernis
382 3899 478 3997 fraga
487 3900 624 3997 fimilem
639 3900 868 3999 profeiiiauem
878 3895 1020 3989 feoiffet,
1031 3918 1067 3967 ut
1088 3890 1218 3988 hostium

215 3998 365 4098 impetum
379 3997 534 4097 srdiinere
553 4021 618 4074 nan
639 3995 746 4095 poffet.
790 3997 910 4090 Quem
935 3996 1050 4069 lotum
1074 4014 1218 4086 perver-

1148 4104 1218 4156 tere
