<?xml version="1.0" encoding="UTF-8"?>
<!DOCTYPE html PUBLIC "-//W3C//DTD XHTML 1.0 Transitional//EN"
    "http://www.w3.org/TR/xhtml1/DTD/xhtml1-transitional.dtd">
<html xmlns="http://www.w3.org/1999/xhtml" xml:lang="en" lang="en">
 <head>
  <title>
</title>
<meta http-equiv="Content-Type" content="text/html;charset=utf-8" />
  <meta name='ocr-system' content='tesseract 3.04.00' />
  <meta name='ocr-capabilities' content='ocr_page ocr_carea ocr_par ocr_line ocrx_word'/>
</head>
<body>
  <div class='ocr_page' id='page_1' title='image "./operaomniaunacu00siscgoog/operaomniaunacu00siscgoog_0121.png"; bbox 0 0 2859 4709; ppageno 0'>
   <div class='ocr_carea' id='block_1_1' title="bbox 404 374 1165 477">
    <p class='ocr_par' dir='ltr' id='par_1_1' title="bbox 404 374 1165 477">
     <span class='ocr_line' id='line_1_1' title="bbox 404 374 1165 477; baseline 0.008 -27"><span class='ocrx_word' id='word_1_1' title='bbox 404 374 480 450; x_wconf 77' lang='lat' dir='ltr'>Da</span> <span class='ocrx_word' id='word_1_2' title='bbox 520 377 671 450; x_wconf 75' lang='lat' dir='ltr'>Anna</span> <span class='ocrx_word' id='word_1_3' title='bbox 711 376 966 453; x_wconf 69' lang='lat' dir='ltr'>Poenici:</span> <span class='ocrx_word' id='word_1_4' title='bbox 1096 401 1165 477; x_wconf 81' lang='lat'>113</span> 
     </span>
    </p>
   </div>
   <div class='ocr_carea' id='block_1_2' title="bbox 213 497 1168 963">
    <p class='ocr_par' dir='ltr' id='par_1_2' title="bbox 213 497 1168 963">
     <span class='ocr_line' id='line_1_2' title="bbox 213 497 1168 577; baseline 0.005 -20"><span class='ocrx_word' id='word_1_5' title='bbox 213 497 358 559; x_wconf 72' lang='lat' dir='ltr'>Formam</span> <span class='ocrx_word' id='word_1_6' title='bbox 385 503 487 562; x_wconf 82' lang='lat' dir='ltr'><strong><em>Priami</em></strong></span> <span class='ocrx_word' id='word_1_7' title='bbox 509 501 618 560; x_wconf 82' lang='lat' dir='ltr'>cantabo</span> <span class='ocrx_word' id='word_1_8' title='bbox 632 499 676 564; x_wconf 59' lang='grc' dir='ltr'>,θ</span> <span class='ocrx_word' id='word_1_9' title='bbox 695 499 809 558; x_wconf 81' lang='lat' dir='ltr'>notabile</span> <span class='ocrx_word' id='word_1_10' title='bbox 828 500 934 558; x_wconf 79' lang='lat' dir='ltr'>lelium.</span> <span class='ocrx_word' id='word_1_11' title='bbox 967 499 1071 577; x_wconf 83' lang='lat' dir='ltr'>Magna</span> <span class='ocrx_word' id='word_1_12' title='bbox 1090 501 1168 562; x_wconf 85' lang='lat' dir='ltr'>enim</span> 
     </span>
     <span class='ocr_line' id='line_1_3' title="bbox 214 578 1166 659; baseline 0.006 -24"><span class='ocrx_word' id='word_1_13' title='bbox 214 578 352 655; x_wconf 84' lang='lat' dir='ltr'>promisit,</span> <span class='ocrx_word' id='word_1_14' title='bbox 373 582 412 649; x_wconf 71' lang='lat' dir='ltr'>dt,</span> <span class='ocrx_word' id='word_1_15' title='bbox 432 601 519 659; x_wconf 85' lang='lat' dir='ltr'>parva</span> <span class='ocrx_word' id='word_1_16' title='bbox 539 579 678 656; x_wconf 87' lang='lat' dir='ltr'>praellitit,</span> <span class='ocrx_word' id='word_1_17' title='bbox 704 579 741 638; x_wconf 88' lang='lat' dir='ltr'>fic</span> <span class='ocrx_word' id='word_1_18' title='bbox 761 579 837 639; x_wconf 87' lang='lat' dir='ltr'>enim</span> <span class='ocrx_word' id='word_1_19' title='bbox 858 580 927 639; x_wconf 88' lang='lat' dir='ltr'>olim</span> <span class='ocrx_word' id='word_1_20' title='bbox 948 597 1031 654; x_wconf 85' lang='lat' dir='ltr'>quum</span> <span class='ocrx_word' id='word_1_21' title='bbox 1051 578 1088 638; x_wconf 88' lang='lat' dir='ltr'>ita</span> <span class='ocrx_word' id='word_1_22' title='bbox 1107 581 1166 641; x_wconf 81' lang='lat' dir='ltr'>lie·</span> 
     </span>
     <span class='ocr_line' id='line_1_4' title="bbox 213 656 1163 736; baseline 0.003 -20"><span class='ocrx_word' id='word_1_23' title='bbox 213 676 319 718; x_wconf 87' lang='lat' dir='ltr'>ruerent</span> <span class='ocrx_word' id='word_1_24' title='bbox 339 676 470 730; x_wconf 82' lang='lat' dir='ltr'>montes,</span> <span class='ocrx_word' id='word_1_25' title='bbox 491 676 522 719; x_wconf 91' lang='lat' dir='ltr'>ut</span> <span class='ocrx_word' id='word_1_26' title='bbox 541 660 672 736; x_wconf 85' lang='lat' dir='ltr'>parturire</span> <span class='ocrx_word' id='word_1_27' title='bbox 691 658 889 725; x_wconf 84' lang='lat' dir='ltr'>crederentur,</span> <span class='ocrx_word' id='word_1_28' title='bbox 912 656 1027 717; x_wconf 87' lang='lat' dir='ltr'>accurrit</span> <span class='ocrx_word' id='word_1_29' title='bbox 1047 659 1163 719; x_wconf 90' lang='lat' dir='ltr'>densum</span> 
     </span>
     <span class='ocr_line' id='line_1_5' title="bbox 213 735 1164 818; baseline 0.004 -24"><span class='ocrx_word' id='word_1_30' title='bbox 213 738 333 813; x_wconf 81' lang='lat' dir='ltr'>vulgus,</span> <span class='ocrx_word' id='word_1_31' title='bbox 363 741 396 801; x_wconf 89' lang='lat'>&amp;</span> <span class='ocrx_word' id='word_1_32' title='bbox 424 757 557 818; x_wconf 83' lang='lat' dir='ltr'>magnum</span> <span class='ocrx_word' id='word_1_33' title='bbox 580 739 687 811; x_wconf 86' lang='lat' dir='ltr'>aliquid</span> <span class='ocrx_word' id='word_1_34' title='bbox 716 737 863 812; x_wconf 78' lang='lat' dir='ltr'>spedians,</span> <span class='ocrx_word' id='word_1_35' title='bbox 897 756 1004 796; x_wconf 87' lang='lat' dir='ltr'>murem</span> <span class='ocrx_word' id='word_1_36' title='bbox 1036 735 1164 811; x_wconf 84' lang='lat' dir='ltr'>pusillum</span> 
     </span>
     <span class='ocr_line' id='line_1_6' title="bbox 213 813 1160 906; baseline -0.001 -29"><span class='ocrx_word' id='word_1_37' title='bbox 213 817 355 906; x_wconf 78' lang='lat' dir='ltr'>epnspexit</span> <span class='ocrx_word' id='word_1_38' title='bbox 373 821 576 900; x_wconf 73' lang='lat' dir='ltr'>egredientem.</span> <span class='ocrx_word' id='word_1_39' title='bbox 607 822 691 881; x_wconf 90' lang='lat' dir='ltr'>Unde</span> <span class='ocrx_word' id='word_1_40' title='bbox 712 817 777 877; x_wconf 88' lang='lat' dir='ltr'>risus</span> <span class='ocrx_word' id='word_1_41' title='bbox 795 837 853 879; x_wconf 88' lang='lat' dir='ltr'>non</span> <span class='ocrx_word' id='word_1_42' title='bbox 871 814 1020 878; x_wconf 85' lang='lat' dir='ltr'>mediocris</span> <span class='ocrx_word' id='word_1_43' title='bbox 1039 813 1091 885; x_wconf 80' lang='lat' dir='ltr'>fnit</span> <span class='ocrx_word' id='word_1_44' title='bbox 1107 834 1160 883; x_wconf 45' lang='lat' dir='ltr'>ert-¹</span> 
     </span>
     <span class='ocr_line' id='line_1_7' title="bbox 213 911 495 963; baseline 0.018 -9"><span class='ocrx_word' id='word_1_45' title='bbox 213 911 313 963; x_wconf 80' lang='lat' dir='ltr'>stratus.</span> <span class='ocrx_word' id='word_1_46' title='bbox 493 934 495 939; x_wconf 95' lang='lat'>·</span> 
     </span>
    </p>
   </div>
   <div class='ocr_carea' id='block_1_3' title="bbox 370 1021 1000 1108">
    <p class='ocr_par' dir='ltr' id='par_1_3' title="bbox 370 1021 1000 1108">
     <span class='ocr_line' id='line_1_8' title="bbox 370 1021 1000 1108; baseline 0.006 -4"><span class='ocrx_word' id='word_1_47' title='bbox 370 1021 1000 1108; x_wconf 68' lang='lat' dir='ltr'>Annornrrontn</span> 
     </span>
    </p>
   </div>
   <div class='ocr_carea' id='block_1_4' title="bbox 206 1188 1219 2773">
    <p class='ocr_par' dir='ltr' id='par_1_4' title="bbox 207 1188 1219 2302">
     <span class='ocr_line' id='line_1_9' title="bbox 246 1188 1174 1271; baseline 0.011 -26"><span class='ocrx_word' id='word_1_48' title='bbox 246 1188 298 1246; x_wconf 80' lang='lat' dir='ltr'>Cui</span> <span class='ocrx_word' id='word_1_49' title='bbox 316 1188 384 1248; x_wconf 76' lang='lat' dir='ltr'>ledia</span> <span class='ocrx_word' id='word_1_50' title='bbox 404 1205 516 1264; x_wconf 75' lang='lat' dir='ltr'>potenter</span> <span class='ocrx_word' id='word_1_51' title='bbox 535 1193 584 1251; x_wconf 85' lang='lat' dir='ltr'>erit</span> <span class='ocrx_word' id='word_1_52' title='bbox 600 1192 676 1271; x_wconf 85' lang='lat' dir='ltr'>res.)</span> <span class='ocrx_word' id='word_1_53' title='bbox 718 1194 753 1252; x_wconf 86' lang='lat' dir='ltr'>ld</span> <span class='ocrx_word' id='word_1_54' title='bbox 774 1193 813 1253; x_wconf 84' lang='lat' dir='ltr'>etl</span> <span class='ocrx_word' id='word_1_55' title='bbox 828 1230 837 1260; x_wconf 92' lang='lat'>‚</span> <span class='ocrx_word' id='word_1_56' title='bbox 855 1193 900 1271; x_wconf 90' lang='lat' dir='ltr'>qui</span> <span class='ocrx_word' id='word_1_57' title='bbox 919 1190 1065 1252; x_wconf 74' lang='lat' dir='ltr'>materiam</span> <span class='ocrx_word' id='word_1_58' title='bbox 1084 1192 1174 1270; x_wconf 63' lang='lat' dir='ltr'>sete-1</span> 
     </span>
     <span class='ocr_line' id='line_1_10' title="bbox 214 1266 1160 1350; baseline 0.005 -21"><span class='ocrx_word' id='word_1_59' title='bbox 214 1266 297 1343; x_wconf 79' lang='lat' dir='ltr'>gerit,</span> <span class='ocrx_word' id='word_1_60' title='bbox 309 1271 341 1328; x_wconf 80' lang='lat' dir='ltr'>dt</span> <span class='ocrx_word' id='word_1_61' title='bbox 357 1269 423 1346; x_wconf 90' lang='lat' dir='ltr'>quid</span> <span class='ocrx_word' id='word_1_62' title='bbox 444 1272 516 1331; x_wconf 88' lang='lat' dir='ltr'>circa</span> <span class='ocrx_word' id='word_1_63' title='bbox 531 1292 593 1331; x_wconf 86' lang='lat' dir='ltr'>earn</span> <span class='ocrx_word' id='word_1_64' title='bbox 607 1273 682 1349; x_wconf 86' lang='lat' dir='ltr'>poflit</span> <span class='ocrx_word' id='word_1_65' title='bbox 697 1291 749 1350; x_wconf 91' lang='lat' dir='ltr'>pro</span> <span class='ocrx_word' id='word_1_66' title='bbox 769 1273 872 1334; x_wconf 82' lang='lat' dir='ltr'>viribus</span> <span class='ocrx_word' id='word_1_67' title='bbox 886 1270 1058 1349; x_wconf 80' lang='lat' dir='ltr'>expenderit.</span> <span class='ocrx_word' id='word_1_68' title='bbox 1088 1273 1160 1334; x_wconf 85' lang='lat' dir='ltr'>Rem</span> 
     </span>
     <span class='ocr_line' id='line_1_11' title="bbox 214 1345 1160 1431; baseline 0.014 -29"><span class='ocrx_word' id='word_1_69' title='bbox 214 1345 254 1405; x_wconf 86' lang='lat' dir='ltr'>irie</span> <span class='ocrx_word' id='word_1_70' title='bbox 279 1365 383 1407; x_wconf 82' lang='lat' dir='ltr'>aucant</span> <span class='ocrx_word' id='word_1_71' title='bbox 409 1351 545 1410; x_wconf 82' lang='lat' dir='ltr'>eretores</span> <span class='ocrx_word' id='word_1_72' title='bbox 568 1370 780 1430; x_wconf 73' lang='lat' dir='ltr'>argumentum,</span> <span class='ocrx_word' id='word_1_73' title='bbox 808 1354 841 1412; x_wconf 92' lang='lat'>&amp;</span> <span class='ocrx_word' id='word_1_74' title='bbox 866 1352 1018 1431; x_wconf 87' lang='lat' dir='ltr'>argumenti</span> <span class='ocrx_word' id='word_1_75' title='bbox 1045 1371 1160 1416; x_wconf 81' lang='lat' dir='ltr'>nervos.</span> 
     </span>
     <span class='ocr_line' id='line_1_12' title="bbox 213 1424 1191 1508; baseline 0.003 -23"><span class='ocrx_word' id='word_1_76' title='bbox 213 1424 371 1487; x_wconf 79' lang='lat' dir='ltr'>Verborum</span> <span class='ocrx_word' id='word_1_77' title='bbox 391 1447 484 1489; x_wconf 86' lang='lat' dir='ltr'>autem</span> <span class='ocrx_word' id='word_1_78' title='bbox 505 1429 684 1491; x_wconf 75' lang='lat' dir='ltr'>seleiiionem</span> <span class='ocrx_word' id='word_1_79' title='bbox 703 1446 807 1490; x_wconf 86' lang='lat' dir='ltr'>vocant</span> <span class='ocrx_word' id='word_1_80' title='bbox 834 1449 945 1508; x_wconf 86' lang='lat' dir='ltr'>tropos,</span> <span class='ocrx_word' id='word_1_81' title='bbox 976 1431 1008 1491; x_wconf 72' lang='grc' dir='ltr'>δε</span> <span class='ocrx_word' id='word_1_82' title='bbox 1035 1427 1159 1508; x_wconf 88' lang='lat' dir='ltr'>figuras,</span> <span class='ocrx_word' id='word_1_83' title='bbox 1188 1428 1191 1443; x_wconf 86' lang='lat'>&#39;</span> 
     </span>
     <span class='ocr_line' id='line_1_13' title="bbox 212 1504 1158 1589; baseline 0.007 -26"><span class='ocrx_word' id='word_1_84' title='bbox 212 1504 241 1563; x_wconf 90' lang='lat'>&amp;</span> <span class='ocrx_word' id='word_1_85' title='bbox 266 1507 318 1581; x_wconf 92' lang='lat' dir='ltr'>(ut</span> <span class='ocrx_word' id='word_1_86' title='bbox 330 1528 396 1575; x_wconf 32' lang='lat' dir='ltr'>‘uno</span> <span class='ocrx_word' id='word_1_87' title='bbox 414 1509 504 1568; x_wconf 86' lang='lat' dir='ltr'>verbo</span> <span class='ocrx_word' id='word_1_88' title='bbox 529 1510 644 1589; x_wconf 86' lang='lat' dir='ltr'>dicam)</span> <span class='ocrx_word' id='word_1_89' title='bbox 667 1511 752 1585; x_wconf 83' lang='lat' dir='ltr'>ipsam</span> <span class='ocrx_word' id='word_1_90' title='bbox 773 1513 970 1586; x_wconf 81' lang='lat' dir='ltr'>eloquentiam.</span> <span class='ocrx_word' id='word_1_91' title='bbox 1006 1511 1107 1570; x_wconf 86' lang='lat' dir='ltr'>Perfius</span> <span class='ocrx_word' id='word_1_92' title='bbox 1128 1510 1158 1570; x_wconf 90' lang='lat' dir='ltr'>in</span> 
     </span>
     <span class='ocr_line' id='line_1_14' title="bbox 212 1583 1158 1668; baseline 0.012 -29"><span class='ocrx_word' id='word_1_93' title='bbox 212 1583 308 1658; x_wconf 82' lang='lat' dir='ltr'>prima</span> <span class='ocrx_word' id='word_1_94' title='bbox 322 1588 419 1664; x_wconf 86' lang='lat' dir='ltr'>Satyra</span> <span class='ocrx_word' id='word_1_95' title='bbox 438 1591 534 1661; x_wconf 81' lang='lat' dir='ltr'>po&#39;e‘tas</span> <span class='ocrx_word' id='word_1_96' title='bbox 551 1591 691 1649; x_wconf 82' lang='lat' dir='ltr'>Romanos</span> <span class='ocrx_word' id='word_1_97' title='bbox 710 1593 831 1668; x_wconf 79' lang='lat' dir='ltr'>exagitat</span> <span class='ocrx_word' id='word_1_98' title='bbox 848 1606 979 1666; x_wconf 84' lang='lat' dir='ltr'>tanquam</span> <span class='ocrx_word' id='word_1_99' title='bbox 996 1589 1093 1664; x_wconf 81' lang='lat' dir='ltr'>inopes</span> <span class='ocrx_word' id='word_1_100' title='bbox 1111 1609 1158 1650; x_wconf 88' lang='lat' dir='ltr'>re·</span> 
     </span>
     <span class='ocr_line' id='line_1_15' title="bbox 210 1661 1158 1753; baseline 0.008 -33"><span class='ocrx_word' id='word_1_101' title='bbox 210 1679 301 1753; x_wconf 63' lang='lat' dir='ltr'>pum,</span> <span class='ocrx_word' id='word_1_102' title='bbox 321 1661 517 1736; x_wconf 75' lang='lat' dir='ltr'>quumdixit:</span> <span class='ocrx_word' id='word_1_103' title='bbox 542 1672 681 1746; x_wconf 71' lang='lat' dir='ltr'>Quantum</span> <span class='ocrx_word' id='word_1_104' title='bbox 708 1668 742 1744; x_wconf 66' lang='grc' dir='ltr'>ιβ</span> <span class='ocrx_word' id='word_1_105' title='bbox 763 1673 792 1726; x_wconf 85' lang='lat' dir='ltr'>in</span> <span class='ocrx_word' id='word_1_106' title='bbox 813 1667 887 1726; x_wconf 86' lang='lat' dir='ltr'>rebus</span> <span class='ocrx_word' id='word_1_107' title='bbox 903 1674 1006 1728; x_wconf 81' lang='lat' dir='ltr'>inane!</span> <span class='ocrx_word' id='word_1_108' title='bbox 1035 1671 1105 1728; x_wconf 88' lang='lat' dir='ltr'>Non</span> <span class='ocrx_word' id='word_1_109' title='bbox 1127 1683 1158 1728; x_wconf 88' lang='lat' dir='ltr'>ut</span> 
     </span>
     <span class='ocr_line' id='line_1_16' title="bbox 211 1745 1156 1832; baseline 0.011 -35"><span class='ocrx_word' id='word_1_110' title='bbox 211 1759 379 1832; x_wconf 67' lang='lat' dir='ltr'>rnterpretes</span> <span class='ocrx_word' id='word_1_111' title='bbox 400 1745 547 1813; x_wconf 85' lang='lat' dir='ltr'>somniant,</span> <span class='ocrx_word' id='word_1_112' title='bbox 565 1750 594 1805; x_wconf 91' lang='lat' dir='ltr'>in</span> <span class='ocrx_word' id='word_1_113' title='bbox 615 1753 715 1813; x_wconf 85' lang='lat' dir='ltr'>rebus,</span> <span class='ocrx_word' id='word_1_114' title='bbox 734 1749 763 1806; x_wconf 92' lang='lat' dir='ltr'>id</span> <span class='ocrx_word' id='word_1_115' title='bbox 783 1748 842 1815; x_wconf 86' lang='lat' dir='ltr'>est,</span> <span class='ocrx_word' id='word_1_116' title='bbox 863 1747 892 1805; x_wconf 94' lang='lat' dir='ltr'>in</span> <span class='ocrx_word' id='word_1_117' title='bbox 913 1766 973 1810; x_wconf 92' lang='lat' dir='ltr'>toto</span> <span class='ocrx_word' id='word_1_118' title='bbox 994 1749 1083 1815; x_wconf 86' lang='lat' dir='ltr'>orbe,</span> <span class='ocrx_word' id='word_1_119' title='bbox 1106 1747 1156 1807; x_wconf 85' lang='lat' dir='ltr'>vel</span> 
     </span>
     <span class='ocr_line' id='line_1_17' title="bbox 210 1825 1156 1906; baseline -0.003 -17"><span class='ocrx_word' id='word_1_120' title='bbox 210 1838 242 1878; x_wconf 83' lang='lat'>¹¹¹</span> <span class='ocrx_word' id='word_1_121' title='bbox 266 1829 351 1888; x_wconf 73' lang='lat' dir='ltr'>rebus</span> <span class='ocrx_word' id='word_1_122' title='bbox 371 1825 511 1886; x_wconf 80' lang='lat' dir='ltr'>humanis.-</span> <span class='ocrx_word' id='word_1_123' title='bbox 531 1829 562 1886; x_wconf 74' lang='grc' dir='ltr'>ὅ(</span> <span class='ocrx_word' id='word_1_124' title='bbox 591 1845 620 1887; x_wconf 91' lang='lat' dir='ltr'>ut</span> <span class='ocrx_word' id='word_1_125' title='bbox 646 1828 693 1888; x_wconf 88' lang='lat' dir='ltr'>has</span> <span class='ocrx_word' id='word_1_126' title='bbox 716 1826 832 1906; x_wconf 77' lang='lat' dir='ltr'>ineptias</span> <span class='ocrx_word' id='word_1_127' title='bbox 853 1827 1044 1894; x_wconf 83' lang='lat' dir='ltr'>confirment,</span> <span class='ocrx_word' id='word_1_128' title='bbox 1064 1828 1156 1886; x_wconf 88' lang='lat' dir='ltr'>addu-</span> 
     </span>
     <span class='ocr_line' id='line_1_18' title="bbox 208 1899 1156 1973; baseline 0.003 -13"><span class='ocrx_word' id='word_1_129' title='bbox 208 1918 276 1960; x_wconf 87' lang='lat' dir='ltr'>cunt</span> <span class='ocrx_word' id='word_1_130' title='bbox 291 1899 362 1962; x_wconf 86' lang='lat' dir='ltr'>illud</span> <span class='ocrx_word' id='word_1_131' title='bbox 389 1905 562 1968; x_wconf 86' lang='lat' dir='ltr'>Salomonis:</span> <span class='ocrx_word' id='word_1_132' title='bbox 585 1908 694 1966; x_wconf 83' lang='lat' dir='ltr'>Vanitas</span> <span class='ocrx_word' id='word_1_133' title='bbox 716 1915 888 1973; x_wconf 82' lang='lat' dir='ltr'>vanitatum,</span> <span class='ocrx_word' id='word_1_134' title='bbox 907 1905 942 1966; x_wconf 59' lang='lat' dir='ltr'>ti*</span> <span class='ocrx_word' id='word_1_135' title='bbox 960 1926 1049 1963; x_wconf 76' lang='lat' dir='ltr'>omnm</span> <span class='ocrx_word' id='word_1_136' title='bbox 1068 1906 1156 1963; x_wconf 75' lang='lat' dir='ltr'>tranl-</span> 
     </span>
     <span class='ocr_line' id='line_1_19' title="bbox 207 1980 1156 2064; baseline 0.006 -27"><span class='ocrx_word' id='word_1_137' title='bbox 207 1995 256 2040; x_wconf 86' lang='lat' dir='ltr'>rar.</span> <span class='ocrx_word' id='word_1_138' title='bbox 293 1982 394 2060; x_wconf 80' lang='lat' dir='ltr'>Longe</span> <span class='ocrx_word' id='word_1_139' title='bbox 405 1986 463 2049; x_wconf 79' lang='lat' dir='ltr'>haeo</span> <span class='ocrx_word' id='word_1_140' title='bbox 483 1987 552 2046; x_wconf 89' lang='lat' dir='ltr'>inter</span> <span class='ocrx_word' id='word_1_141' title='bbox 566 1989 594 2048; x_wconf 88' lang='lat' dir='ltr'>se</span> <span class='ocrx_word' id='word_1_142' title='bbox 611 1986 775 2064; x_wconf 84' lang='lat' dir='ltr'>discrepant.</span> <span class='ocrx_word' id='word_1_143' title='bbox 806 1987 871 2045; x_wconf 89' lang='lat' dir='ltr'>Imo</span> <span class='ocrx_word' id='word_1_144' title='bbox 891 2003 961 2044; x_wconf 89' lang='lat' dir='ltr'>vero</span> <span class='ocrx_word' id='word_1_145' title='bbox 983 2003 1035 2043; x_wconf 92' lang='lat' dir='ltr'>nec</span> <span class='ocrx_word' id='word_1_146' title='bbox 1052 1980 1156 2043; x_wconf 77' lang='lat' dir='ltr'>Persius</span> 
     </span>
     <span class='ocr_line' id='line_1_20' title="bbox 208 2063 1219 2141; baseline 0.004 -22"><span class='ocrx_word' id='word_1_147' title='bbox 208 2079 259 2141; x_wconf 84' lang='lat' dir='ltr'>per</span> <span class='ocrx_word' id='word_1_148' title='bbox 276 2078 363 2121; x_wconf 86' lang='lat' dir='ltr'>totam</span> <span class='ocrx_word' id='word_1_149' title='bbox 382 2067 510 2141; x_wconf 80' lang='lat' dir='ltr'>Satyratn</span> <span class='ocrx_word' id='word_1_150' title='bbox 534 2068 710 2140; x_wconf 70' lang='lat' dir='ltr'>reprehendit</span> <span class='ocrx_word' id='word_1_151' title='bbox 730 2064 826 2124; x_wconf 87' lang='lat' dir='ltr'>omnia</span> <span class='ocrx_word' id='word_1_152' title='bbox 848 2063 896 2123; x_wconf 82' lang='lat' dir='ltr'>itta</span> <span class='ocrx_word' id='word_1_153' title='bbox 922 2065 1065 2129; x_wconf 81' lang='lat' dir='ltr'>carmina,</span> <span class='ocrx_word' id='word_1_154' title='bbox 1081 2081 1157 2136; x_wconf 83' lang='lat' dir='ltr'>quo·</span> <span class='ocrx_word' id='word_1_155' title='bbox 1215 2084 1219 2094; x_wconf 64' lang='lat'>‘</span> 
     </span>
     <span class='ocr_line' id='line_1_21' title="bbox 208 2140 1155 2224; baseline 0.001 -26"><span class='ocrx_word' id='word_1_156' title='bbox 208 2157 267 2199; x_wconf 89' lang='lat' dir='ltr'>rum</span> <span class='ocrx_word' id='word_1_157' title='bbox 294 2141 386 2218; x_wconf 75' lang='lat' dir='ltr'>aliqua</span> <span class='ocrx_word' id='word_1_158' title='bbox 419 2147 479 2204; x_wconf 87' lang='lat' dir='ltr'>sunt</span> <span class='ocrx_word' id='word_1_159' title='bbox 510 2146 724 2224; x_wconf 79' lang='lat' dir='ltr'>elegantilfima,</span> <span class='ocrx_word' id='word_1_160' title='bbox 749 2145 797 2205; x_wconf 89' lang='lat' dir='ltr'>sed</span> <span class='ocrx_word' id='word_1_161' title='bbox 825 2144 896 2204; x_wconf 90' lang='lat' dir='ltr'>ridet</span> <span class='ocrx_word' id='word_1_162' title='bbox 922 2141 975 2222; x_wconf 88' lang='lat' dir='ltr'>(ut</span> <span class='ocrx_word' id='word_1_163' title='bbox 996 2140 1155 2203; x_wconf 73' lang='lat' dir='ltr'>Horatianis</span> 
     </span>
     <span class='ocr_line' id='line_1_22' title="bbox 208 2221 1084 2302; baseline 0.002 -22"><span class='ocrx_word' id='word_1_164' title='bbox 208 2221 300 2281; x_wconf 80' lang='lat' dir='ltr'>verbis</span> <span class='ocrx_word' id='word_1_165' title='bbox 322 2221 410 2302; x_wconf 82' lang='lat' dir='ltr'>utar)</span> <span class='ocrx_word' id='word_1_166' title='bbox 435 2226 527 2286; x_wconf 85' lang='lat' dir='ltr'>versus</span> <span class='ocrx_word' id='word_1_167' title='bbox 551 2229 647 2299; x_wconf 85' lang='lat' dir='ltr'>inopes</span> <span class='ocrx_word' id='word_1_168' title='bbox 667 2243 778 2291; x_wconf 84' lang='lat' dir='ltr'>rerum,</span> <span class='ocrx_word' id='word_1_169' title='bbox 797 2222 938 2302; x_wconf 84' lang='lat' dir='ltr'>nugasque</span> <span class='ocrx_word' id='word_1_170' title='bbox 959 2235 1084 2283; x_wconf 75' lang='lat' dir='ltr'>canoras.</span> 
     </span>
    </p>

    <p class='ocr_par' dir='ltr' id='par_1_5' title="bbox 206 2299 1209 2773">
     <span class='ocr_line' id='line_1_23' title="bbox 245 2299 1154 2386; baseline 0.003 -27"><span class='ocrx_word' id='word_1_171' title='bbox 245 2301 357 2380; x_wconf 77' lang='lat' dir='ltr'>Praesem</span> <span class='ocrx_word' id='word_1_172' title='bbox 376 2305 406 2362; x_wconf 91' lang='lat' dir='ltr'>in</span> <span class='ocrx_word' id='word_1_173' title='bbox 426 2321 523 2386; x_wconf 83' lang='lat' dir='ltr'>tempus</span> <span class='ocrx_word' id='word_1_174' title='bbox 543 2306 682 2384; x_wconf 82' lang='lat' dir='ltr'>omittat.)</span> <span class='ocrx_word' id='word_1_175' title='bbox 724 2303 754 2364; x_wconf 92' lang='lat' dir='ltr'>Si</span> <span class='ocrx_word' id='word_1_176' title='bbox 779 2305 948 2381; x_wconf 82' lang='lat' dir='ltr'>explicarem</span> <span class='ocrx_word' id='word_1_177' title='bbox 977 2323 1042 2363; x_wconf 89' lang='lat' dir='ltr'>cum</span> <span class='ocrx_word' id='word_1_178' title='bbox 1072 2299 1154 2362; x_wconf 84' lang='lat' dir='ltr'>aliis:</span> 
     </span>
     <span class='ocr_line' id='line_1_24' title="bbox 206 2381 1153 2465; baseline 0.004 -28"><span class='ocrx_word' id='word_1_179' title='bbox 206 2381 311 2460; x_wconf 60' lang='lat' dir='ltr'>misens</span> <span class='ocrx_word' id='word_1_180' title='bbox 336 2384 500 2465; x_wconf 68' lang='lat' dir='ltr'>inemptis,</span> <span class='ocrx_word' id='word_1_181' title='bbox 533 2384 562 2444; x_wconf 93' lang='lat' dir='ltr'>id</span> <span class='ocrx_word' id='word_1_182' title='bbox 583 2382 640 2448; x_wconf 81' lang='lat' dir='ltr'>est,</span> <span class='ocrx_word' id='word_1_183' title='bbox 661 2385 690 2443; x_wconf 90' lang='lat' dir='ltr'>in</span> <span class='ocrx_word' id='word_1_184' title='bbox 714 2382 855 2460; x_wconf 79' lang='lat' dir='ltr'>proprium</span> <span class='ocrx_word' id='word_1_185' title='bbox 876 2382 988 2449; x_wconf 83' lang='lat' dir='ltr'>locum,</span> <span class='ocrx_word' id='word_1_186' title='bbox 1013 2384 1045 2443; x_wconf 88' lang='lat'>&amp;</span> <span class='ocrx_word' id='word_1_187' title='bbox 1075 2381 1153 2456; x_wconf 89' lang='lat' dir='ltr'>quod</span> 
     </span>
     <span class='ocr_line' id='line_1_25' title="bbox 210 2459 1153 2543; baseline -0.002 -26"><span class='ocrx_word' id='word_1_188' title='bbox 210 2459 328 2534; x_wconf 68' lang='lat' dir='ltr'>Hispane</span> <span class='ocrx_word' id='word_1_189' title='bbox 350 2460 466 2523; x_wconf 78' lang='lat' dir='ltr'>dicimus</span> <span class='ocrx_word' id='word_1_190' title='bbox 488 2463 576 2543; x_wconf 80' lang='lat' dir='ltr'>(para</span> <span class='ocrx_word' id='word_1_191' title='bbox 597 2464 633 2542; x_wconf 76' lang='lat' dir='ltr'>stt</span> <span class='ocrx_word' id='word_1_192' title='bbox 653 2466 746 2542; x_wconf 80' lang='lat' dir='ltr'>tiempo</span> <span class='ocrx_word' id='word_1_193' title='bbox 768 2464 792 2520; x_wconf 89' lang='lat' dir='ltr'>lo</span> <span class='ocrx_word' id='word_1_194' title='bbox 819 2463 902 2540; x_wconf 81' lang='lat' dir='ltr'>dere)</span> <span class='ocrx_word' id='word_1_195' title='bbox 924 2483 979 2519; x_wconf 88' lang='lat' dir='ltr'>non</span> <span class='ocrx_word' id='word_1_196' title='bbox 1008 2479 1153 2526; x_wconf 79' lang='lat' dir='ltr'>errarem,</span> 
     </span>
     <span class='ocr_line' id='line_1_26' title="bbox 210 2539 1153 2618; baseline -0.001 -23"><span class='ocrx_word' id='word_1_197' title='bbox 210 2539 271 2611; x_wconf 79' lang='lat' dir='ltr'>quia</span> <span class='ocrx_word' id='word_1_198' title='bbox 290 2542 322 2601; x_wconf 91' lang='lat'>&amp;</span> <span class='ocrx_word' id='word_1_199' title='bbox 344 2543 474 2603; x_wconf 81' lang='lat' dir='ltr'>sementia</span> <span class='ocrx_word' id='word_1_200' title='bbox 501 2546 630 2618; x_wconf 61' lang='lat' dir='ltr'>quadr-..m</span> <span class='ocrx_word' id='word_1_201' title='bbox 653 2547 682 2603; x_wconf 79' lang='grc' dir='ltr'>ὃ(</span> <span class='ocrx_word' id='word_1_202' title='bbox 707 2545 741 2600; x_wconf 80' lang='lat' dir='ltr'>fic</span> <span class='ocrx_word' id='word_1_203' title='bbox 761 2541 853 2600; x_wconf 90' lang='lat' dir='ltr'>Latini</span> <span class='ocrx_word' id='word_1_204' title='bbox 872 2540 911 2600; x_wconf 91' lang='lat' dir='ltr'>uti</span> <span class='ocrx_word' id='word_1_205' title='bbox 930 2541 1021 2600; x_wconf 83' lang='lat' dir='ltr'>solent</span> <span class='ocrx_word' id='word_1_206' title='bbox 1042 2556 1153 2611; x_wconf 70' lang='lat' dir='ltr'>praeuo-</span> 
     </span>
     <span class='ocr_line' id='line_1_27' title="bbox 209 2614 1209 2692; baseline 0 -16"><span class='ocrx_word' id='word_1_207' title='bbox 209 2614 302 2680; x_wconf 86' lang='lat' dir='ltr'>fitione</span> <span class='ocrx_word' id='word_1_208' title='bbox 312 2659 322 2687; x_wconf 87' lang='lat'>‚</span> <span class='ocrx_word' id='word_1_209' title='bbox 343 2623 412 2689; x_wconf 83' lang='lat' dir='ltr'>IN,</span> <span class='ocrx_word' id='word_1_210' title='bbox 430 2640 459 2683; x_wconf 91' lang='lat' dir='ltr'>ut</span> <span class='ocrx_word' id='word_1_211' title='bbox 477 2625 505 2681; x_wconf 86' lang='lat' dir='ltr'>in</span> <span class='ocrx_word' id='word_1_212' title='bbox 525 2626 613 2688; x_wconf 84' lang='lat' dir='ltr'>diem,</span> <span class='ocrx_word' id='word_1_213' title='bbox 633 2625 661 2680; x_wconf 90' lang='lat' dir='ltr'>in</span> <span class='ocrx_word' id='word_1_214' title='bbox 679 2625 789 2680; x_wconf 83' lang='lat' dir='ltr'>horam:</span> <span class='ocrx_word' id='word_1_215' title='bbox 808 2620 855 2680; x_wconf 88' lang='lat' dir='ltr'>sed</span> <span class='ocrx_word' id='word_1_216' title='bbox 877 2619 940 2692; x_wconf 85' lang='lat' dir='ltr'>quia</span> <span class='ocrx_word' id='word_1_217' title='bbox 958 2618 1043 2678; x_wconf 82' lang='lat' dir='ltr'>video</span> <span class='ocrx_word' id='word_1_218' title='bbox 1058 2618 1152 2676; x_wconf 89' lang='lat' dir='ltr'>Hora·</span> <span class='ocrx_word' id='word_1_219' title='bbox 1205 2679 1209 2686; x_wconf 71' lang='grc'>,</span> 
     </span>
     <span class='ocr_line' id='line_1_28' title="bbox 208 2696 1151 2773; baseline -0.006 -17"><span class='ocrx_word' id='word_1_220' title='bbox 208 2696 275 2758; x_wconf 84' lang='lat' dir='ltr'>tiam</span> <span class='ocrx_word' id='word_1_221' title='bbox 303 2700 371 2760; x_wconf 88' lang='lat' dir='ltr'>alibi</span> <span class='ocrx_word' id='word_1_222' title='bbox 393 2702 474 2763; x_wconf 89' lang='lat' dir='ltr'>aliter</span> <span class='ocrx_word' id='word_1_223' title='bbox 496 2702 534 2773; x_wconf 81' lang='lat' dir='ltr'>uti</span> <span class='ocrx_word' id='word_1_224' title='bbox 559 2702 600 2760; x_wconf 85' lang='lat' dir='ltr'>his</span> <span class='ocrx_word' id='word_1_225' title='bbox 622 2702 761 2767; x_wconf 84' lang='lat' dir='ltr'>vocibus,</span> <span class='ocrx_word' id='word_1_226' title='bbox 791 2719 854 2768; x_wconf 84' lang='lat' dir='ltr'>cunr</span> <span class='ocrx_word' id='word_1_227' title='bbox 885 2698 937 2757; x_wconf 91' lang='lat' dir='ltr'>illo</span> <span class='ocrx_word' id='word_1_228' title='bbox 966 2698 1003 2754; x_wconf 88' lang='lat' dir='ltr'>stc</span> <span class='ocrx_word' id='word_1_229' title='bbox 1046 2696 1151 2756; x_wconf 78' lang='lat' dir='ltr'>sentio.-</span> 
     </span>
    </p>
   </div>
   <div class='ocr_carea' id='block_1_5' title="bbox 205 2765 1265 2861">
    <p class='ocr_par' dir='ltr' id='par_1_6' title="bbox 205 2765 1265 2861">
     <span class='ocr_line' id='line_1_29' title="bbox 205 2765 1265 2861; baseline -0.001 -27"><span class='ocrx_word' id='word_1_230' title='bbox 205 2779 356 2858; x_wconf 78' lang='lat' dir='ltr'>proesenrin</span> <span class='ocrx_word' id='word_1_231' title='bbox 377 2798 495 2861; x_wconf 72' lang='lat' dir='ltr'>temptet,</span> <span class='ocrx_word' id='word_1_232' title='bbox 514 2784 543 2843; x_wconf 89' lang='lat' dir='ltr'>id</span> <span class='ocrx_word' id='word_1_233' title='bbox 567 2781 719 2848; x_wconf 70' lang='lat' dir='ltr'>estnunr,</span> <span class='ocrx_word' id='word_1_234' title='bbox 741 2784 772 2840; x_wconf 92' lang='lat'>&amp;</span> <span class='ocrx_word' id='word_1_235' title='bbox 795 2765 1147 2857; x_wconf 38' lang='lat' dir='ltr'>utBarbati‘dicuntqro</span> <span class='ocrx_word' id='word_1_236' title='bbox 1225 2827 1228 2833; x_wconf 87' lang='lat'>.</span> <span class='ocrx_word' id='word_1_237' title='bbox 1263 2828 1265 2833; x_wconf 81' lang='grc'>,</span> 
     </span>
    </p>
   </div>
   <div class='ocr_carea' id='block_1_6' title="bbox 202 2858 1151 3566">
    <p class='ocr_par' dir='ltr' id='par_1_7' title="bbox 202 2858 1151 3019">
     <span class='ocr_line' id='line_1_30' title="bbox 209 2858 1151 2942; baseline 0.001 -29"><span class='ocrx_word' id='word_1_238' title='bbox 209 2875 296 2925; x_wconf 84' lang='lat' dir='ltr'>nunt,</span> <span class='ocrx_word' id='word_1_239' title='bbox 317 2859 438 2933; x_wconf 87' lang='lat' dir='ltr'>Hispane</span> <span class='ocrx_word' id='word_1_240' title='bbox 456 2861 523 2942; x_wconf 72' lang='lat' dir='ltr'>(por</span> <span class='ocrx_word' id='word_1_241' title='bbox 543 2860 645 2939; x_wconf 79' lang='lat' dir='ltr'>agorn)</span> <span class='ocrx_word' id='word_1_242' title='bbox 667 2862 711 2918; x_wconf 84' lang='lat' dir='ltr'>lib.</span> <span class='ocrx_word' id='word_1_243' title='bbox 730 2882 756 2921; x_wconf 82' lang='lat' dir='ltr'>t.</span> <span class='ocrx_word' id='word_1_244' title='bbox 775 2861 833 2916; x_wconf 88' lang='lat' dir='ltr'>Oda</span> <span class='ocrx_word' id='word_1_245' title='bbox 849 2873 891 2916; x_wconf 76' lang='lat' dir='ltr'>ts.</span> <span class='ocrx_word' id='word_1_246' title='bbox 926 2863 1008 2915; x_wconf 74' lang='lat' dir='ltr'>datur</span> <span class='ocrx_word' id='word_1_247' title='bbox 1034 2858 1062 2914; x_wconf 87' lang='lat' dir='ltr'>in</span> <span class='ocrx_word' id='word_1_248' title='bbox 1083 2865 1151 2936; x_wconf 54' lang='lat' dir='ltr'>pre*</span> 
     </span>
     <span class='ocr_line' id='line_1_31' title="bbox 202 2935 905 3019; baseline 0 -25"><span class='ocrx_word' id='word_1_249' title='bbox 202 2935 262 3015; x_wconf 75' lang='lat' dir='ltr'>sens</span> <span class='ocrx_word' id='word_1_250' title='bbox 284 2942 408 3007; x_wconf 84' lang='lat' dir='ltr'>artimus,</span> <span class='ocrx_word' id='word_1_251' title='bbox 426 2944 496 3019; x_wconf 83' lang='lat' dir='ltr'>qrtod</span> <span class='ocrx_word' id='word_1_252' title='bbox 517 2944 586 3000; x_wconf 83' lang='lat' dir='ltr'>ultra</span> <span class='ocrx_word' id='word_1_253' title='bbox 606 2942 639 3016; x_wconf 79' lang='lat' dir='ltr'>est</span> <span class='ocrx_word' id='word_1_254' title='bbox 659 2941 739 2998; x_wconf 87' lang='lat' dir='ltr'>oderit</span> <span class='ocrx_word' id='word_1_255' title='bbox 761 2958 863 2997; x_wconf 85' lang='lat' dir='ltr'>curare.</span> <span class='ocrx_word' id='word_1_256' title='bbox 903 2963 905 2966; x_wconf 48' lang='lat'><em>⁴</em></span> 
     </span>
    </p>

    <p class='ocr_par' dir='ltr' id='par_1_8' title="bbox 204 3016 1150 3566">
     <span class='ocr_line' id='line_1_32' title="bbox 246 3016 1150 3102; baseline -0.004 -26"><span class='ocrx_word' id='word_1_257' title='bbox 246 3021 299 3076; x_wconf 79' lang='lat' dir='ltr'>Nee</span> <span class='ocrx_word' id='word_1_258' title='bbox 308 3017 350 3098; x_wconf 73' lang='lat' dir='ltr'>fic,</span> <span class='ocrx_word' id='word_1_259' title='bbox 364 3021 486 3102; x_wconf 83' lang='lat' dir='ltr'>incipies,</span> <span class='ocrx_word' id='word_1_260' title='bbox 503 3040 531 3079; x_wconf 87' lang='lat' dir='ltr'>ut</span> <span class='ocrx_word' id='word_1_261' title='bbox 544 3021 644 3099; x_wconf 78' lang='lat' dir='ltr'>strip.)</span> <span class='ocrx_word' id='word_1_262' title='bbox 686 3021 754 3077; x_wconf 78' lang='lat' dir='ltr'>Hac</span> <span class='ocrx_word' id='word_1_263' title='bbox 773 3021 891 3081; x_wconf 84' lang='lat' dir='ltr'>decem,</span> <span class='ocrx_word' id='word_1_264' title='bbox 910 3018 940 3077; x_wconf 89' lang='lat'>&amp;</span> <span class='ocrx_word' id='word_1_265' title='bbox 962 3016 1066 3090; x_wconf 87' lang='lat' dir='ltr'>septem</span> <span class='ocrx_word' id='word_1_266' title='bbox 1087 3025 1150 3074; x_wconf 61' lang='lat' dir='ltr'>cari</span> 
     </span>
     <span class='ocr_line' id='line_1_33' title="bbox 207 3093 1150 3174; baseline -0.018 -8"><span class='ocrx_word' id='word_1_267' title='bbox 207 3095 385 3174; x_wconf 63' lang='lat' dir='ltr'>minasque</span> <span class='ocrx_word' id='word_1_268' title='bbox 412 3101 532 3162; x_wconf 87' lang='lat' dir='ltr'>alienum</span> <span class='ocrx_word' id='word_1_269' title='bbox 554 3099 648 3158; x_wconf 85' lang='lat' dir='ltr'>locum</span> <span class='ocrx_word' id='word_1_270' title='bbox 672 3098 833 3174; x_wconf 81' lang='lat' dir='ltr'>scriptorum</span> <span class='ocrx_word' id='word_1_271' title='bbox 855 3098 1029 3156; x_wconf 89' lang='lat' dir='ltr'>librariorum</span> <span class='ocrx_word' id='word_1_272' title='bbox 1059 3093 1150 3172; x_wconf 80' lang='lat' dir='ltr'>negli-</span> 
     </span>
     <span class='ocr_line' id='line_1_34' title="bbox 206 3171 1150 3257; baseline -0.004 -22"><span class='ocrx_word' id='word_1_273' title='bbox 206 3177 299 3251; x_wconf 88' lang='lat' dir='ltr'>gentia</span> <span class='ocrx_word' id='word_1_274' title='bbox 319 3195 540 3257; x_wconf 82' lang='lat' dir='ltr'>occupaverant,</span> <span class='ocrx_word' id='word_1_275' title='bbox 563 3177 678 3238; x_wconf 71' lang='lat' dir='ltr'>mirifici</span> <span class='ocrx_word' id='word_1_276' title='bbox 705 3181 741 3237; x_wconf 86' lang='lat' dir='ltr'>ad</span> <span class='ocrx_word' id='word_1_277' title='bbox 770 3176 898 3236; x_wconf 91' lang='lat' dir='ltr'>ordinem</span> <span class='ocrx_word' id='word_1_278' title='bbox 917 3173 1028 3235; x_wconf 81' lang='lat' dir='ltr'>iaciunt.</span> <span class='ocrx_word' id='word_1_279' title='bbox 1072 3171 1150 3244; x_wconf 87' lang='lat' dir='ltr'>Quid</span> 
     </span>
     <span class='ocr_line' id='line_1_35' title="bbox 207 3251 1150 3337; baseline -0.004 -23"><span class='ocrx_word' id='word_1_280' title='bbox 207 3257 286 3336; x_wconf 27' lang='lat' dir='ltr'>enim·</span> <span class='ocrx_word' id='word_1_281' title='bbox 302 3256 389 3333; x_wconf 87' lang='lat' dir='ltr'>quum</span> <span class='ocrx_word' id='word_1_282' title='bbox 417 3263 453 3320; x_wconf 91' lang='lat' dir='ltr'>de</span> <span class='ocrx_word' id='word_1_283' title='bbox 474 3258 608 3337; x_wconf 84' lang='lat' dir='ltr'>tragoedia</span> <span class='ocrx_word' id='word_1_284' title='bbox 635 3276 706 3317; x_wconf 88' lang='lat' dir='ltr'>totus</span> <span class='ocrx_word' id='word_1_285' title='bbox 727 3255 792 3318; x_wconf 72' lang='lat' dir='ltr'>effer</span> <span class='ocrx_word' id='word_1_286' title='bbox 814 3257 921 3322; x_wconf 85' lang='lat' dir='ltr'>sermo,</span> <span class='ocrx_word' id='word_1_287' title='bbox 949 3253 1079 3314; x_wconf 84' lang='lat' dir='ltr'>attinebat</span> <span class='ocrx_word' id='word_1_288' title='bbox 1103 3251 1150 3310; x_wconf 89' lang='lat' dir='ltr'>di·</span> 
     </span>
     <span class='ocr_line' id='line_1_36' title="bbox 205 3330 1148 3421; baseline -0.007 -25"><span class='ocrx_word' id='word_1_289' title='bbox 205 3351 296 3398; x_wconf 82' lang='lat' dir='ltr'>cere:</span> <span class='ocrx_word' id='word_1_290' title='bbox 326 3339 393 3398; x_wconf 86' lang='lat' dir='ltr'>Nec</span> <span class='ocrx_word' id='word_1_291' title='bbox 415 3341 451 3399; x_wconf 83' lang='lat' dir='ltr'>fic</span> <span class='ocrx_word' id='word_1_292' title='bbox 476 3337 615 3415; x_wconf 84' lang='lat' dir='ltr'>incipies?</span> <span class='ocrx_word' id='word_1_293' title='bbox 649 3341 726 3397; x_wconf 89' lang='lat' dir='ltr'>Nam</span> <span class='ocrx_word' id='word_1_294' title='bbox 754 3334 969 3412; x_wconf 84' lang='lat' dir='ltr'>Tragoediarum</span> <span class='ocrx_word' id='word_1_295' title='bbox 995 3330 1148 3421; x_wconf 82' lang='lat' dir='ltr'>incipiendi</span> 
     </span>
     <span class='ocr_line' id='line_1_37' title="bbox 204 3411 1147 3500; baseline -0.013 -22"><span class='ocrx_word' id='word_1_296' title='bbox 204 3414 278 3478; x_wconf 84' lang='lat' dir='ltr'>nulla</span> <span class='ocrx_word' id='word_1_297' title='bbox 299 3417 389 3493; x_wconf 88' lang='lat' dir='ltr'>potest</span> <span class='ocrx_word' id='word_1_298' title='bbox 408 3417 467 3480; x_wconf 87' lang='lat' dir='ltr'>dari</span> <span class='ocrx_word' id='word_1_299' title='bbox 485 3417 639 3493; x_wconf 79' lang='lat' dir='ltr'>praeceptio.</span> <span class='ocrx_word' id='word_1_300' title='bbox 683 3417 838 3488; x_wconf 90' lang='lat' dir='ltr'>Quomodo</span> <span class='ocrx_word' id='word_1_301' title='bbox 861 3430 953 3474; x_wconf 83' lang='lat' dir='ltr'>autem</span> <span class='ocrx_word' id='word_1_302' title='bbox 979 3411 1008 3472; x_wconf 93' lang='lat' dir='ltr'>in</span> <span class='ocrx_word' id='word_1_303' title='bbox 1031 3411 1147 3500; x_wconf 75' lang='lat' dir='ltr'>antiquas</span> 
     </span>
     <span class='ocr_line' id='line_1_38' title="bbox 205 3494 1147 3566; baseline -0.011 -10"><span class='ocrx_word' id='word_1_304' title='bbox 205 3494 280 3558; x_wconf 87' lang='lat' dir='ltr'>libris</span> <span class='ocrx_word' id='word_1_305' title='bbox 307 3499 519 3560; x_wconf 85' lang='lat' dir='ltr'>transcribendis</span> <span class='ocrx_word' id='word_1_306' title='bbox 542 3511 698 3561; x_wconf 85' lang='lat' dir='ltr'>mutentur,</span> <span class='ocrx_word' id='word_1_307' title='bbox 727 3497 759 3558; x_wconf 77' lang='grc' dir='ltr'>ὅ(</span> <span class='ocrx_word' id='word_1_308' title='bbox 788 3496 997 3563; x_wconf 88' lang='lat' dir='ltr'>transponantur</span> <span class='ocrx_word' id='word_1_309' title='bbox 1022 3507 1147 3566; x_wconf 80' lang='lat' dir='ltr'>paginae,</span> 
     </span>
    </p>
   </div>
   <div class='ocr_carea' id='block_1_7' title="bbox 205 3565 1264 3655">
    <p class='ocr_par' dir='ltr' id='par_1_9' title="bbox 205 3565 1264 3655">
     <span class='ocr_line' id='line_1_39' title="bbox 205 3565 1264 3655; baseline -0.015 -18"><span class='ocrx_word' id='word_1_310' title='bbox 205 3577 264 3637; x_wconf 80' lang='lat' dir='ltr'>satis</span> <span class='ocrx_word' id='word_1_311' title='bbox 285 3576 382 3646; x_wconf 73' lang='lat' dir='ltr'>acute,</span> <span class='ocrx_word' id='word_1_312' title='bbox 401 3594 482 3654; x_wconf 88' lang='lat' dir='ltr'>atque</span> <span class='ocrx_word' id='word_1_313' title='bbox 499 3575 641 3655; x_wconf 70' lang='lat' dir='ltr'>perspicue</span> <span class='ocrx_word' id='word_1_314' title='bbox 662 3574 797 3635; x_wconf 89' lang='lat' dir='ltr'>indicavit</span> <span class='ocrx_word' id='word_1_315' title='bbox 818 3572 951 3646; x_wconf 83' lang='lat' dir='ltr'>losephus</span> <span class='ocrx_word' id='word_1_316' title='bbox 971 3570 1097 3644; x_wconf 81' lang='lat' dir='ltr'>Scaliger</span> <span class='ocrx_word' id='word_1_317' title='bbox 1117 3565 1149 3624; x_wconf 91' lang='lat' dir='ltr'>in</span> <span class='ocrx_word' id='word_1_318' title='bbox 1261 3572 1264 3581; x_wconf 84' lang='grc'><em>“</em></span> 
     </span>
    </p>
   </div>
   <div class='ocr_carea' id='block_1_8' title="bbox 205 3645 1148 3896">
    <p class='ocr_par' dir='ltr' id='par_1_10' title="bbox 205 3645 1148 3896">
     <span class='ocr_line' id='line_1_40' title="bbox 205 3645 1148 3736; baseline -0.014 -19"><span class='ocrx_word' id='word_1_319' title='bbox 205 3655 383 3725; x_wconf 84' lang='lat' dir='ltr'>Varronem,</span> <span class='ocrx_word' id='word_1_320' title='bbox 403 3657 629 3730; x_wconf 84' lang='lat' dir='ltr'>&amp;Propertium</span> <span class='ocrx_word' id='word_1_321' title='bbox 665 3658 728 3736; x_wconf 62' lang='lat' dir='ltr'>Hos</span> <span class='ocrx_word' id='word_1_322' title='bbox 746 3672 838 3715; x_wconf 89' lang='lat' dir='ltr'>autem</span> <span class='ocrx_word' id='word_1_323' title='bbox 856 3673 912 3712; x_wconf 91' lang='lat' dir='ltr'>non</span> <span class='ocrx_word' id='word_1_324' title='bbox 932 3649 1069 3710; x_wconf 84' lang='lat' dir='ltr'>hocloco</span> <span class='ocrx_word' id='word_1_325' title='bbox 1087 3645 1148 3734; x_wconf 78' lang='lat' dir='ltr'>solo</span> 
     </span>
     <span class='ocr_line' id='line_1_41' title="bbox 207 3723 1147 3814; baseline -0.015 -14"><span class='ocrx_word' id='word_1_326' title='bbox 207 3731 401 3814; x_wconf 70' lang='lat' dir='ltr'>impropriam</span> <span class='ocrx_word' id='word_1_327' title='bbox 422 3738 517 3798; x_wconf 86' lang='lat' dir='ltr'>sedem</span> <span class='ocrx_word' id='word_1_328' title='bbox 544 3735 664 3795; x_wconf 86' lang='lat' dir='ltr'>vindicat</span> <span class='ocrx_word' id='word_1_329' title='bbox 709 3735 832 3797; x_wconf 87' lang='lat' dir='ltr'>contenti</span> <span class='ocrx_word' id='word_1_330' title='bbox 854 3731 974 3791; x_wconf 84' lang='lat' dir='ltr'>luimus:</span> <span class='ocrx_word' id='word_1_331' title='bbox 994 3727 1040 3786; x_wconf 90' lang='lat' dir='ltr'>sed</span> <span class='ocrx_word' id='word_1_332' title='bbox 1062 3723 1147 3788; x_wconf 83' lang='lat' dir='ltr'>altum</span> 
     </span>
     <span class='ocr_line' id='line_1_42' title="bbox 205 3736 1061 3896; baseline -0.015 -17"><span class='ocrx_word' id='word_1_333' title='bbox 205 3812 304 3884; x_wconf 70' lang='lat' dir='ltr'>ritui,</span> <span class='ocrx_word' id='word_1_334' title='bbox 325 3818 437 3896; x_wconf 81' lang='lat' dir='ltr'>quando</span> <span class='ocrx_word' id='word_1_335' title='bbox 457 3818 494 3879; x_wconf 90' lang='lat' dir='ltr'>de</span> <span class='ocrx_word' id='word_1_336' title='bbox 515 3815 635 3881; x_wconf 87' lang='lat' dir='ltr'>numeris</span> <span class='ocrx_word' id='word_1_337' title='bbox 652 3736 762 3895; x_wconf 48' lang='lat' dir='ltr'>aaut,</span> <span class='ocrx_word' id='word_1_338' title='bbox 778 3830 841 3894; x_wconf 90' lang='lat' dir='ltr'>apte</span> <span class='ocrx_word' id='word_1_339' title='bbox 859 3807 1061 3887; x_wconf 80' lang='lat' dir='ltr'>conjunximus.</span> 
     </span>
    </p>
   </div>
   <div class='ocr_carea' id='block_1_9' title="bbox 270 4007 1255 4171">
    <p class='ocr_par' dir='ltr' id='par_1_11' title="bbox 270 4007 1255 4171">
     <span class='ocr_line' id='line_1_43' title="bbox 270 4007 1255 4171; baseline -0.015 -19"><span class='ocrx_word' id='word_1_340' title='bbox 270 4073 328 4152; x_wconf 75' lang='lat' dir='ltr'>rr.</span> <span class='ocrx_word' id='word_1_341' title='bbox 346 4030 471 4152; x_wconf 74' lang='lat' dir='ltr'>Snttlt</span> <span class='ocrx_word' id='word_1_342' title='bbox 488 4072 589 4171; x_wconf 79' lang='lat' dir='ltr'>Optr.</span> <span class='ocrx_word' id='word_1_343' title='bbox 613 4071 720 4147; x_wconf 88' lang='lat' dir='ltr'>Tom.</span> <span class='ocrx_word' id='word_1_344' title='bbox 732 4067 785 4146; x_wconf 90' lang='lat'>11.</span> <span class='ocrx_word' id='word_1_345' title='bbox 901 4065 942 4141; x_wconf 91' lang='lat' dir='ltr'><strong>H</strong></span> <span class='ocrx_word' id='word_1_346' title='bbox 1090 4045 1149 4143; x_wconf 80' lang='lat' dir='ltr'>De</span> <span class='ocrx_word' id='word_1_347' title='bbox 1230 4007 1255 4157; x_wconf 80' lang='grc' dir='ltr'> </span> 
     </span>
    </p>
   </div>
   <div class='ocr_carea' id='block_1_10' title="bbox 0 0 1434 4709">
    <p class='ocr_par' dir='ltr' id='par_1_12' title="bbox 0 0 1434 4709">
     <span class='ocr_line' id='line_1_44' title="bbox 0 0 1434 4709; baseline 0 4"><span class='ocrx_word' id='word_1_348' title='bbox 0 0 1434 4709; x_wconf 95' lang='lat' dir='ltr'> </span> 
     </span>
    </p>
   </div>
  </div>
 </body>
</html>
