2859 4709
234 396 285 490 7'6
445 325 449 332 Ι
576 385 664 458 Dr
712 383 902 469 Anne

233 522 328 616 quod
353 515 527 610 susceperit
548 517 802 613 explicandum,
826 516 844 586 ‘a
871 515 978 609 capite
1001 508 1241 613 retexam&

235 620 383 710 primum
406 614 620 709 quaeslionem
654 611 828 693 invenite,
858 607 1180 703 h0c1ell‚quid.sn
1204 612 1242 682 td
1277 682 1281 689 ,

234 717 278 787 de
299 738 366 808 quo
389 732 515 806 agatur.
538 713 689 782 'Deinde
709 730 904 805 argumenta
925 706 1044 803 quibus
1064 708 1099 778 id
1120 704 1262 799 confir,

236 829 363 894 matur,
387 809 546 898 aspicere:
573 809 672 884 &ad
701 810 825 889 locos,
857 811 946 877 unde
981 804 1109 896 sumpta
1139 802 1243 883 sunt,

236 907 371 979 referte.
414 903 587 979 Postremi>
608 903 825 994 dispositionis
848 907 939 1000 leges
960 902 1246 986 animadvertere,

235 1004 272 1074 in
294 1004 414 1098 illaque
441 1004 476 1076 ὃς
501 1006 825 1097 argumentationes,
849 1002 885 1076 δι
910 998 1109 1072 methodum
1137 995 1245 1069 confi·

238 1102 363 1171 derare.
408 1100 604 1192 Videreque
638 1096 844 1172 methoddne
882 1100 1064 1182 doetrinae,
1098 1118 1139 1167 an
1162 1118 1247 1186 pru·

240 1198 361 1268 dentiae
376 1195 452 1269 usus
467 1195 566 1267 fuerit
582 1198 720 1278 aanor,
736 1196 834 1289 cujus
853 1218 938 1286 opus
956 1196 1123 1266 retexitur.
1139 1195 1247 1284 Quae

239 1296 354 1366 omnia
389 1292 412 1362 si
439 1312 640 1365 enarratores
667 1292 830 1365 librorum
864 1290 1147 1381 considerallent,
1175 1312 1248 1359 nou

241 1389 360 1461 dubito
393 1391 472 1482 quin
499 1389 556 1461 fibi
583 1389 619 1463 ὃ(
646 1392 715 1464 aliis
741 1393 861 1462 melius
886 1386 1127 1461 consuluissent.
1179 1386 1247 1457 Sed

240 1505 279 1558 ut
295 1487 359 1556 hoc
382 1489 545 1578 exemplis
566 1486 783 1571 illustremus,
799 1487 922 1578 aliquas
936 1485 1135 1557 Horatianas
1151 1484 1248 1555 Odas

241 1585 450 1655 excutiamus
479 1609 521 1654 ex
545 1583 631 1653 libro
657 1586 793 1663 tertio,¹
811 1607 912 1675 quem
939 1583 1004 1653 hoc
1027 1603 1114 1653 anno
1142 1582 1251 1675 1556.

242 1681 326 1752 meis
349 1678 556 1752 auditoribus
582 1682 764 1773 explicavi:
787 1681 845 1756 ubi
868 1677 950 1770 sape
973 1677 1121 1772 supinam
1145 1677 1273 1749 inter--

242 1797 378 1867 prelum
404 1778 643 1873 negligentiam
668 1776 740 1851 sum
770 1780 959 1849 admiratus.
1009 1777 1118 1849 Prima
1145 1773 1249 1870 igitur

243 1874 322 1944 Oda
348 1898 407 1966 pro
432 1877 528 1948 titulo
555 1875 675 1947 habet:
704 1874 811 1949 Varia
839 1871 898 1966 affe
925 1875 1084 1945 hominum
1113 1873 1250 1966 ingenia

244 1972 416 2064 variosque
434 1970 593 2065 fortunas.
622 1972 739 2063 'Quid
769 1972 834 2042 hoc
859 1967 935 2050 est,
961 1990 1016 2041 aut
1048 1970 1186 2046 ubinam
1213 1970 1251 2041 id

244 2070 332 2140 canit
349 2067 536 2141 Horatius?
578 2065 698 2162 Longi:
720 2068 779 2143 alia
797 2066 933 2159 Horatii
953 2091 1047 2139 mens
1071 2068 1127 2139 est.
1170 2066 1252 2139 Har:

245 2166 336 2236 enim
370 2168 448 2237 Ode
474 2169 570 2237 docet
604 2166 764 2238 tutiorem
796 2163 859 2238 esse
892 2162 995 2234 vitam
1025 2162 1159 2235 illorum
1191 2163 1251 2258 qui

244 2285 350 2356 parvo
376 2265 523 2333 contenti
555 2263 670 2336 vivunt
685 2276 705 2346 ,⁴
733 2263 831 2358 qu'nm
859 2262 1000 2333 divitum
1031 2261 1067 2334 &
1100 2286 1253 2356 regum,

246 2359 517 2452 quandoquidem
542 2361 698 2450 omnibus
723 2363 933 2433 moriendum
957 2357 1022 2427 esi:
1048 2382 1155 2448 neque
1180 2382 1276 2437 am·¹

246 2457 311 2546 plae
339 2479 419 2546 opes
449 2457 485 2530 ἃ
518 2456 640 2529 divitia:
669 2461 788 2548 possint
818 2479 873 2531 aut
903 2479 997 2528 curas
1028 2456 1163 2537 levare,
1194 2470 1253 2528 aut

248 2549 401 2624 somnum
429 2555 599 2627 reducere.
643 2555 730 2628 Haec
760 2575 870 2626 tamen
906 2551 1018 2623 omnia
1050 2552 1114 2625 vita
1142 2552 1253 2625 tenuis

249 2649 387 2739 praeslat.
411 2649 499 2722 Haec
519 2652 620 2746 igitur
640 2652 686 2722 est
707 2656 902 2746 exoptanda.
937 2651 980 2720 In
1003 2646 1141 2720 secunda
1170 2648 1253 2721 Ode

247 2746 380 2818 tolerari
407 2766 534 2836 poterat
560 2748 768 2841 epigraphe,
796 2760 863 2819 n'nn
885 2769 995 2818 tamen
1018 2746 1157 2817 omnino
1182 2744 1254 2817 sen-

249 2844 386 2913 tentiam
413 2843 587 2933 assequitur
617 2848 740 2917 Poetae.
779 2847 899 2935 Quum
928 2843 1038 2936 potius
1060 2844 1094 2911 id
1119 2840 1254 2923 sentiat,

248 2941 340 3031 quod
365 2935 440 3009 alibi
466 2941 571 3011 dixit:
609 2941 683 3032 Quo
702 2942 805 3028 semel
830 2939 871 3037 rfl
896 2938 1015 3013 imbuta
1038 2963 1149 3011 recens
1169 2940 1252 3025 ser-

248 3036 342 3107 vabit
367 3034 494 3107 odorem
517 3035 593 3131 trssn
618 3042 684 3110 diu.
728 3039 771 3109 In
791 3040 884 3110 tertia
906 3036 1007 3117 verb,
1027 3033 1127 3126 quittn
1150 3036 1255 3109 aliena

249 3127 322 3200 sunt
349 3155 422 3224 quae
449 3128 715 3227 preponuntur,
749 3134 789 3206 ab
814 3135 863 3205 his
888 3156 961 3228 quae
989 3130 1110 3223 scripsit
1135 3132 1254 3204 Hora-

250 3229 336 3300 tius?
363 3231 482 3318 Quum
503 3232 536 3299 in
562 3231 615 3304 illa
635 3233 712 3301 Oda
728 3231 869 3302 Romuli
890 3232 927 3303 srt
948 3227 1152 3321 apotheosis,
1175 3252 1256 3323 qua·

251 3322 318 3395 lem
344 3324 493 3396 describit
514 3327 730 3400 Herodianus
752 3330 784 3399 in
801 3329 962 3421 principio
977 3329 1092 3418 quarti.
1125 3330 1255 3419 Quarta

249 3421 361 3494 verb:
394 3424 569 3494 Musarum
600 3427 754 3502 amicos,
788 3429 911 3510 docet,
935 3426 1125 3498 tutissimam
1150 3424 1256 3495 vitam

251 3523 405 3613 degere3
432 3545 587 3611 curaeque
606 3523 682 3598 Diis
711 3522 792 3595 else:
814 3529 905 3613 quod
921 3522 1111 3593 induitione
1126 3521 1257 3612 probat.

251 3615 346 3691 Cum
373 3620 414 3688 ad
447 3618 592 3712 quintam
627 3639 763 3690 ventum
796 3619 877 3704 est,
907 3620 1035 3700 fateor,
1060 3617 1160 3689 risum
1188 3641 1256 3689 non

252 3716 348 3809 potui
373 3721 561 3796 continere,
582 3741 685 3809 quum
712 3713 853 3812 Augusti
874 3718 1004 3797 laudes,
1029 3739 1090 3808 pro
1115 3715 1255 3808 Epigra-

249 3812 316 3902 phe
341 3813 419 3905 legi.
463 3811 625 3888 Consului
651 3814 769 3885 deinde
801 3814 1048 3885 commentaria.
1098 3812 1134 3882 O
1158 3814 1257 3882 Deus

238 3907 362 3991 hone,
387 3907 484 3998 quim
510 3908 649 3987 stendit,
672 3908 770 4002 quiam
788 3912 956 4001 pueriliter
980 3928 1174 4004 argumenta
1197 3908 1254 3977 eli·

156 4006 161 4024 ’
251 4006 365 4087 ciunt,
394 4006 585 4102 Augustum
609 4006 772 4103 majorem
796 4003 859 4079 esse
883 4010 993 4096 Jove,
1021 4008 1152 4102 quando
1180 4002 1257 4096 qui-

1179 4106 1258 4174 dem
