2859 4709
261 479 334 537 202
492 461 606 555 Fun.
639 463 836 533 Ovinn
867 460 1069 540 ,Nisam

258 580 302 652 Et
329 607 416 654 nova
439 580 585 655 fraterno
607 587 718 658 veniet
742 586 920 656 concordia
943 583 1064 662 fumo,

308 683 426 770 Quam
452 700 548 752 vetus
575 682 711 754 accensa
736 681 768 752 se
793 700 885 778 parat
906 680 952 751 ira
981 704 1083 775 pyra:
1132 762 1134 767 Ι

258 776 303 846 Et
332 778 404 848 Ver
430 779 627 858 Autumno,
656 781 788 851 Brumae
815 776 1004 847 miscebitur
1027 773 1160 862 AEsta‘sj

213 944 216 948 .
309 877 422 964 Atque
446 876 563 946 eadem
588 878 684 970 tegio
707 875 847 966 vesper,
877 874 913 947 &
939 896 1030 945 ortus
1061 875 1145 943 erit:

261 969 377 1058 Quam
403 971 485 1040 mihi
509 971 682 1042 srt'tecnm
709 971 821 1064 positis
842 994 916 1062 quae
938 969 1111 1041 sumsimus
1132 968 1239 1043 armis

309 1068 446 1147 Gratia,
474 1070 674 1147 commistis,
695 1067 875 1161 improbe,
901 1091 995 1158 rupta
1015 1067 1100 1136 tuis:

261 1163 377 1254 Quam
406 1165 500 1234 dolor
525 1165 579 1234 hic
604 1189 750 1258 unquam
781 1163 882 1256 spatio
911 1161 1105 1234 evanescere
1132 1160 1254 1255 ponit,

310 1261 426 1330 Leniat
448 1280 503 1332 aut
529 1262 647 1332 odium
672 1281 823 1352 tempus,
848 1261 884 1332 ἅ
913 1261 992 1332 bora
1020 1284 1151 1330 meum.

261 1356 331 1425 Pax
355 1361 417 1427 erit
442 1354 511 1426 haec
539 1356 633 1429 nobis
662 1360 801 1452 (donec
822 1358 903 1430 mihi
924 1358 991 1430 vita
1015 1357 1196 1449 manebit)

312 1453 404 1526 Cum
427 1476 548 1542 pecore
573 1454 707 1527 infirmo
735 1480 809 1551 quae
835 1454 916 1527 lolet
940 1452 1007 1525 elle
1033 1454 1130 1545 lupis.

261 1547 373 1619 Prima
396 1552 529 1642 quidem
559 1571 677 1640 coepto
702 1557 913 1626 committam
939 1553 1051 1641 praelia
1079 1545 1235 1630 versuo.

312 1648 396 1717 Non
422 1647 543 1718 l'oleant
570 1650 722 1742 quamvis
747 1652 812 1722 ltoc
837 1652 923 1742 pede
943 1649 1027 1721 bella
1048 1647 1135 1744 geri.

263 1737 378 1834 thue
404 1746 483 1833 petit
512 1747 619 1835 primo
644 1747 785 1839 plenum
811 1746 960 1818 flaventis
981 1768 1113 1826 arenae,

314 1841 479 1932 Nondum
506 1842 630 1914 catfaeti
659 1845 765 1913 velitis
793 1842 879 1913 hasta
899 1841 1031 1912 solum:
1116 1877 1118 1881 ·

265 1932 320 2006 sic
347 1963 414 2033 ego
440 1959 472 2010 te
497 1936 585 2009 ferro
612 1941 763 2009 nondum
788 1937 956 2029 jaculabor
978 1947 1124 2018 acuto‚'

313 2036 468 2108 Protinus
495 2033 637 2106 invisum
662 2059 723 2104 nec
749 2057 842 2128 petet
863 2035 948 2105 balla
974 2053 1082 2126 caput.

266 2131 310 2201 Et
332 2157 437 2227 neque
457 2155 580 2200 nomen
605 2132 636 2202 in
656 2131 746 2219 hoc,
770 2158 831 2202 nec
855 2133 962 2211 dicam
988 2131 1071 2200 faeta
1097 2127 1237 2213 libello.

315 2228 438 2320 Teque
463 2226 580 2308 brevi,
605 2234 661 2321 qui
684 2229 746 2308 fis,
773 2229 971 2300 diffimulare
996 2226 1105 2298 smam.

267 2323 448 2396 Postmodo
476 2322 498 2391 li
526 2347 667 2419 perges,
693 2327 783 2396 inte
806 2324 889 2406 mihi
913 2323 998 2394 liber
1025 2321 1164 2395 Iambus

316 2422 439 2491 Tinna
467 2421 662 2501 chambeo
690 2420 849 2520 sangnine
875 2421 938 2491 tela
966 2420 1066 2491 dabit.

270 2518 375 2588 Nunc
399 2542 464 2609 quo
492 2518 654 2589 Battiades
681 2517 855 2590 inimicum
882 2522 1022 2587 devocer
1048 2513 1152 2595 Ibin,

321 2614 402 2686 Hoc
429 2639 495 2710 ego
525 2617 701 2694 devoveo,
724 2634 825 2708 teque
854 2612 993 2707 tuosque
1016 2613 1135 2683 modo.

271 2707 383 2799 thue
407 2713 483 2792 ille,
508 2710 648 2782 historiis
674 2711 843 2784 involvam
868 2709 1010 2781 carmina
1032 2709 1152 2785 meis,

323 2808 407 2877 Non
428 2806 548 2877 soleam
574 2807 724 2899 quamvis
751 2809 821 2880 hoe
844 2829 950 2902 genus
974 2804 1043 2897 ipse
1069 2802 1172 2897 sequi.

270 2898 366 2999 Illius
384 2904 550 2997 ’ambages
578 2905 721 2976 imitatus
750 2907 784 2975 in
813 2904 911 2980 Ibida
935 2903 1023 2972 dicar
1080 2938 1082 2942 Α

321 2998 457 3074 Oblitus
471 3003 607 3081 moris,
632 3000 814 3094 judiciique
840 2999 920 3069 mei.

271 3091 316 3165 Et
346 3096 523 3185 quoniam,
552 3101 608 3190 qui
639 3095 702 3174 fis,
731 3101 876 3168 modum
899 3091 1123 3206 quaerentibus
1149 3089 1240 3168 edo,

247 3191 251 3197 ’
318 3191 426 3264 Ibidis
449 3195 569 3264 interea
595 3212 631 3264 tu
658 3217 794 3288 quoque
818 3216 943 3263 nomen
970 3189 1065 3262 habe.

266 3284 387 3375 thue
417 3292 480 3360 mei
509 3289 621 3363 versus
649 3291 854 3384 aliquantum
876 3291 983 3359 noblis
1002 3278 1200 3364 habebunt,

321 3383 374 3453 Sic
400 3387 475 3459 vitae
498 3386 593 3457 series
619 3404 687 3458 tota
712 3386 748 3457 fit
780 3408 848 3459 atra
875 3404 953 3457 tuae.

274 3475 362 3549 Hac
390 3483 449 3555 tibi
474 3484 569 3554 natali
593 3481 718 3563 facito,
743 3485 886 3577 Janique
917 3478 1083 3577 Calendis

293 3612 294 3617 κ
324 3577 406 3648 Nm
433 3582 610 3650 mentituro
635 3581 777 3674 quilibet
806 3605 865 3654 ore
889 3582 990 3673 legat.

274 3671 337 3740 Dii
362 3680 484 3753 maris,
514 3676 550 3750 ὄῑ
572 3696 695 3759 terre,
723 3681 850 3771 quique
879 3676 929 3747 his
953 3672 1091 3747 meliora
1113 3672 1235 3747 tenetis

321 3768 414 3844 Inter
437 3771 582 3846 diversos
608 3795 685 3843 cum
715 3770 802 3854 Jov'e
825 3797 930 3868 regna
955 3773 1063 3864 polos.

274 3859 358 3939 Huc
380 3895 516 3965 precor,
540 3870 606 3942 huc
630 3869 755 3943 vestras
781 3895 903 3954 omnes
928 3867 1089 3939 advertite
1118 3883 1269 3952 mentes,

325 3961 366 4032 Et
388 3965 478 4042 tinite
504 3968 623 4063 optatis
645 3969 777 4061 pondus
809 3965 910 4042 inelie
939 3965 1038 4041 meis.
1199 4060 1220 4136 Ι
1246 4055 1263 4129 s
1289 4065 1293 4073 ¹

1220 4086 1242 4154 p
1257 4083 1292 4137 aa

707 4206 718 4251 l
