2859 4709
411 411 985 507 Ptntnnxoulss.
1162 431 1206 512 55

192 535 367 637 angustis,
391 539 573 638 astringens
595 537 711 638 gustu,
743 542 889 632 nascitur
914 541 949 612 in
978 537 1113 613 collibus
1138 561 1207 615 ter·

192 639 315 721 renis,
353 640 428 732 usus
452 642 523 736 rjus
558 639 601 712 ad
627 636 776 726 convulsa
811 656 912 734 rupta
941 639 977 708 in
1002 639 1081 708 vino
1110 658 1201 732 pota.

194 731 284 805 Haec
301 736 454 811 Plinius.⁴
486 737 577 828 Quae
592 734 694 808 verba
715 730 788 808 sunt
812 733 1021 807 Dioscuridis
1036 755 1079 803 ex
1101 736 1202 830 liud.

195 853 223 901 c.
234 852 272 924 9.
295 850 518 926 preterquam
543 830 595 903 itta
621 829 713 924 (fiir
737 831 886 915 duritia,
913 853 956 902 ex
979 828 1115 916 adverso
1140 850 1203 926 up-

192 927 319 1025 pellaea
348 927 371 1004 d
400 931 545 1012 Grecis,
556 925 704 1022 firut‘fel
730 929 848 1017 dulce)
878 951 942 1018 qun
968 926 1002 996 in
1022 946 1114 1018 parte
1136 950 1205 999 non

196 1021 354 1098 attentior
377 1027 508 1108 Plinio,
534 1022 558 1095 st
587 1026 684 1096 Plinii
711 1024 813 1099 verba
840 1023 922 1095 sunt.
961 1025 1054 1094 Nam
1080 1019 1103 1090 li
1131 1021 1205 1094 haee

196 1116 300 1194 herba
321 1124 440 1218 (qun,
454 1141 492 1195 ut
508 1121 603 1194 multi
623 1119 806 1205 affirmant,
826 1119 923 1192 nobie
944 1119 1114 1215 incognita
1137 1119 1205 1210 ell)

197 1213 310 1293 limitis
334 1221 477 1317 gramini
502 1216 578 1299 est,
601 1218 721 1290 melius
750 1219 879 1289 dicetur
907 1214 1099 1319 inlustret,
1126 1218 1205 1307 quia

197 1328 269 1386 tota
295 1313 467 1398 suellen,
497 1312 599 1409 quint
624 1337 684 1406 per
704 1311 923 1406 antiphrasin,
947 1322 1023 1407 quia
1049 1309 1087 1381 fit
1114 1312 1205 1382 mol-

197 1409 326 1484 liffima.
373 1409 453 1485 lmd
478 1408 561 1483 verd
584 1412 707 1490 ⁴dodlur
734 1411 874 1504 Legum
904 1412 938 1480 in
966 1407 1205 1483 Dioscoridem

197 1505 375 1583 arbitratur
399 1507 463 1582 elle
484 1506 627 1580 nostram
647 1507 862 1595 Pillosellerm
882 1529 956 1597 quae
974 1505 1053 1580 idel)
1078 1501 1121 1573 ste
1143 1530 1206 1578 vo·

200 1619 330 1686 eatur,
363 1604 453 1698 qudd
477 1604 574 1676 nimis
605 1602 641 1673 stt
673 1604 836 1684 horrida,
862 1601 1005 1683 villosa,
1036 1601 1073 1678 dr
1100 1600 1207 1673 veluti

206 1696 347 1790 spinosa.
383 1703 496 1794 Quid,
519 1698 612 1794 qudd
636 1701 670 1771 in
699 1701 825 1778 Graeco
850 1698 1057 1783 Dioscuridis
1084 1696 1206 1769 codice

203 1818 280 1869 11011
307 1797 432 1887 indecor,
454 1795 508 1870 sed
533 1801 635 1871 ὄλίςιον
661 1791 849 1871 invenitur?

397 1969 1025 2050 OnunoeumA.XX

208 2121 407 2300 Certus
438 2124 635 2199 Aurelianus
660 2124 752 2212 tm.
772 2124 945 2199 chronon.
973 2139 1076 2220 caps.
1105 2107 1212 2219 quum

309 2218 381 2293 ferd
408 2217 558 2315 attigillet
581 2220 662 2312 quid
686 2217 763 2291 ellet
788 2221 993 2317 orthopnoea,
1020 2221 1043 2293 i.
1066 2220 1209 2315 spirandi

208 2318 404 2399 difficultas,
430 2313 560 2406 subdit:
585 2321 697 2393 Item,
721 2335 759 2388 ut
784 2315 837 2388 alii
865 2319 1009 2397 dicunt,
1043 2322 1211 2394 contrario

209 2413 375 2489 vocabulo
391 2411 457 2484 suae
475 2412 605 2487 virtutis
626 2436 750 2485 nomen
770 2413 916 2507 accepit:
938 2439 1017 2488 nam
1036 2440 1142 2508 quum
1164 2415 1211 2488 sui

209 2515 336 2586 ratione
364 2526 564 2591 convertat,
591 2534 630 2582 ac
664 2510 850 2599 depravet,
887 2527 1043 2600 tanquam
1066 2510 1213 2605 corrigat

209 2612 393 2703 orthopnoea
427 2625 660 2696 nuncupatur:
699 2631 799 2700 quam
827 2629 888 2676 nos
927 2603 1065 2696 spirandi
1102 2607 1213 2677 dicere
1250 2651 1256 2663 ·

210 2706 453 2778 eorredlionem
483 2703 675 2793 poterimus.
719 2704 830 2778 Multa
857 2702 946 2771 enim
972 2704 1143 2774 contrariae
1161 2704 1215 2773 in·

209 2799 451 2893 terpretationis
478 2798 679 2871 vocabulum
706 2796 912 2870 sumserunt:
946 2799 1112 2877 miella,
1140 2823 1214 2893 quer

209 2897 327 2974 Graeci
353 2901 463 2979 yrum
485 2902 625 2976 uocant,
647 2894 740 2968 velut
765 2893 896 2974 dulcia,
913 2917 1017 2986 quum
1038 2892 1099 2965 smt
1122 2921 1215 2966 ama·

209 2995 345 3067 rillima.
385 2993 472 3064 Haec
505 2992 594 3060 ille:
621 3014 723 3084 quem
759 2989 979 3065 Grammatici
1016 2989 1217 3062 fefellerunt.

212 3093 353 3182 Quanto
376 3088 489 3182 'verius
509 3086 686 3164 &facilius
711 3085 893 3160 diceretur:
919 3085 1114 3183 Orthopnoen
1136 3083 1216 3159 idei>

211 3188 358 3266 dicitur,
386 3185 463 3276 quia
494 3182 552 3253 nist
584 3185 676 3257 redlo
704 3184 792 3254 collo
821 3181 858 3255 &
889 3206 1032 3274 corpore
1067 3181 1218 3276 spiritum

214 3307 281 3355 non
313 3279 413 3375 pollis
440 3280 602 3352 emittere.

259 3380 369 3452 Erunt
393 3375 429 3453 &
453 3376 512 3452 alia
535 3376 636 3450 multa
664 3397 738 3466 quae
757 3375 974 3450 Grammatici
999 3375 1059 3461 (ut
1082 3372 1155 3446 sunt
1178 3375 1221 3445 ad

211 3497 344 3548 errores
374 3470 568 3567 ingenioli)
598 3471 904 3543 comminiscuntur.
952 3473 1019 3544 Sed
1045 3469 1117 3544 haec
1147 3469 1220 3544 satie

213 3572 313 3647 luerit
340 3567 536 3644 confutasse:
560 3593 602 3641 ex
626 3568 745 3673 quibus
771 3565 865 3641 facile
891 3569 1113 3659 intelligetur,
1138 3567 1220 3638 nul-

214 3670 281 3740 lam
314 3663 418 3758 polle
439 3663 502 3736 elle
528 3687 672 3746 vorem,
706 3689 781 3757 quae
811 3691 855 3744 ex
883 3660 1083 3760 imposituris
1109 3681 1223 3740 mente

214 3763 420 3845 contrarium
439 3760 546 3862 pollet
574 3759 769 3861 fignificare.
863 3771 867 3776 '
