2859 4709
325 423 382 480 os.
406 421 516 480 stru
542 401 702 476 Oanis.
743 352 975 478 att.1.'c.a.
1101 415 1169 496 535

204 548 263 623 gno
285 527 392 612 fiunt,
412 552 466 606 aut
480 531 615 606 cortice.
639 533 743 602 Polus
762 528 808 600 est
829 531 877 601 lac
895 529 1075 621 succusque
1091 529 1171 602 bac·

206 648 293 697 rum.
330 628 437 703 Cibus
457 628 503 702 est
524 651 622 709 caro,
637 628 820 718 plurimum
837 625 951 697 serina.
988 627 1078 709 Nam
1096 651 1171 720 gre·

208 724 270 796 bus
296 724 400 820 (quia
419 727 454 796 id
483 724 588 800 solum
612 725 777 815 optimum
802 722 874 816 eil)
904 726 1013 815 quoad
1040 723 1173 814 potest,

208 821 326 894 trcitur.
358 823 535 895 Interiores
557 821 656 892 etiam
680 820 844 913 incultius.
881 819 1071 910 Sequuntur
1096 821 1174 912 vagi

210 939 316 1000 tcora‚
340 937 443 1014 utque
474 916 493 988 a
519 918 641 1011 pabulo
667 918 764 989 duola
788 913 879 995 sunt,
903 915 947 986 ita
973 915 1028 1002 se,
1052 939 1089 985 ac
1113 933 1173 985 tu·

211 1013 267 1086 tria
288 1011 343 1088 sua
361 1034 577 1107 promovent:
604 1031 700 1108 atque
720 1013 778 1084 ubi
803 1014 872 1083 dies
888 1011 1018 1094 deficit,
1045 1010 1090 1080 ibi
1111 1035 1174 1082 no·
1208 1015 1211 1019 ’

213 1133 262 1182 tm
284 1129 395 1206 agunt.
437 1114 639 1208 Quanquam
658 1114 692 1182 itt
716 1109 853 1183 familias
879 1109 1019 1199 passim,
1043 1107 1078 1178 bt
1105 1104 1173 1180 stoc

214 1230 250 1302 ge
272 1207 416 1302 dispersts
446 1211 525 1280 nihil
547 1216 581 1279 in
604 1222 811 1286 commune,
836 1205 1018 1276 consultant
1042 1223 1172 1283 tamen,

234 1304 324 1398 qubd
348 1305 481 1402 stngulis
508 1303 631 1398 aliquot
662 1302 757 1377 simul
781 1302 971 1399 conjuges,
995 1299 1032 1373 ὃ(
1064 1301 1177 1390 plures

215 1428 220 1464 t
243 1399 275 1470 id
298 1400 412 1482 liberi,
433 1403 608 1494 agnatique
632 1397 903 1492 suntpnusquam
921 1400 1017 1492 pauci
1037 1399 1177 1492 degunt.

216 1495 302 1568 this
330 1499 387 1590 qui
409 1497 493 1569 ultra
519 1495 641 1566 deserta
668 1496 732 1568 else
756 1518 979 1580 memorantur
1006 1495 1177 1574 Atlantes,

216 1592 279 1662 lem
303 1613 516 1672 execrantur,
534 1593 665 1667 &dum
688 1595 793 1665 oritur
820 1591 955 1666 &dum
980 1593 1121 1670 occidit,
1137 1612 1175 1666 ut

216 1685 248 1760 is
275 1690 426 1785 agrisque
449 1689 652 1782 pelliferum.
690 1689 840 1771 Nomina
867 1685 985 1781 smguli
1015 1711 1083 1756 non
1112 1689 1174 1761 ha-

219 1802 273 1866 ttt,
293 1810 360 1863 nott
381 1785 555 1858 vescuntur
571 1785 782 1868 animalibus,
802 1809 909 1879 neque
931 1785 994 1853 illis
1008 1785 1041 1852 in
1060 1788 1169 1874 quiete

217 1878 281 1951 talia
310 1885 436 1955 caeteris
457 1883 653 1961 mortalibus
677 1879 782 1958 visere
805 1883 906 1954 datur.
946 1881 1172 1976 Troglodytae
1208 1938 1210 1940 .

218 1976 336 2050 ¹llarttm
363 2005 466 2072 opum
503 1980 659 2063 domini,
695 1977 829 2050 strident
854 1979 961 2074 magis
988 2001 1086 2069 quam
1117 1981 1174 2049 lo-

218 2094 345 2165 untur,
380 2075 494 2169 specus
525 2075 691 2158 subeunt,
724 2075 919 2167 alunturque
957 2070 1172 2164 serpentibus.

219 2168 334 2244 triento
365 2170 514 2255 habent,
542 2197 616 2265 quae
644 2171 778 2266 obliqua
808 2171 936 2243 cervice
966 2171 1142 2259 pascuntur
1160 2202 1198 2249 ‚··.

220 2268 375 2359 mpronis
393 2271 514 2342 direEla
533 2272 566 2340 in
586 2268 727 2342 humum
743 2289 867 2341 cornua
881 2264 1042 2340 officiunt.
1069 2271 1174 2362 Apud

220 2385 387 2438 tramantas
410 2367 513 2439 etiam
538 2383 683 2438 armenta
700 2363 802 2446 sunt,
833 2389 907 2459 quae
935 2382 1023 2437 retro
1049 2368 1175 2438 ambu-

221 2460 270 2534 ttia
301 2462 484 2554 pascuntur.
533 2466 635 2553 Apud
668 2456 834 2533 Auseoses
858 2462 938 2534 nulli
967 2481 1055 2534 certa
1086 2486 1174 2534 uxor

222 2609 230 2628 .
273 2560 326 2631 Ex
350 2559 398 2630 his
422 2559 477 2651 qui
500 2573 566 2629 lam
587 2554 725 2631 confuso
750 2577 920 2647 parentum
942 2560 1034 2628 coitu
1059 2561 1174 2650 passm]

222 2657 353 2748 t'ertique
379 2654 578 2738 nascuntur,
613 2677 696 2750 quos
729 2651 880 2745 proluis
910 2653 1020 2735 alant,
1056 2656 1175 2727 format

223 2750 387 2823 tilitudine
411 2749 601 2846 agnoscunt.
643 2750 777 2844 Augilae
801 2773 914 2822 martes
937 2765 1065 2820 tantum
1091 2753 1174 2824 deos

223 2867 308 2926 tant,
333 2872 392 2940 per
405 2872 474 2920 eos
499 2851 665 2933 delerant,
691 2868 750 2918 eos
771 2865 808 2918 ut
828 2845 959 2927 oracula
981 2845 1175 2932 consulum,

224 2944 363 3036 acatique
387 2968 460 3038 quae
484 2943 701 3028 voluutfubi
726 2941 862 3014 tumulis
883 2941 1088 3022 incubuere,
1111 2972 1175 3037 pro

224 3038 331 3130 ponsts
343 3041 454 3114 serunt
470 3039 603 3116 somnia.
641 3039 805 3113 Foeminis
820 3063 939 3111 eorum
954 3038 1086 3114 solenne
1103 3041 1175 3120 est,

224 3138 292 3216 file,
311 3160 376 3231 qua
396 3137 522 3211 nubunt
533 3183 546 3219 ‚
565 3136 718 3211 omnium
736 3133 848 3226 llupro
868 3156 1001 3229 patere,
1020 3141 1077 3231 qui
1096 3163 1176 3209 cum

224 3255 312 3302 mere
339 3233 622 3333 adve'n'erintp&
647 3249 719 3303 rum
749 3256 827 3302 cum
856 3234 1006 3324 plurimis
1039 3259 1173 3308 concu-

224 3327 276 3400 ille
300 3330 485 3402 maximum
498 3333 632 3414 -decos,
665 3331 699 3398 in
718 3328 890 3422 reliquum
915 3331 1071 3422 pudicitia
1096 3331 1175 3403 inst·

224 3425 248 3497 is
268 3422 324 3496 est.
352 3428 447 3502 Nudi
461 3427 533 3499 suot
550 3421 829 3515 Gamphasantes,
846 3448 1082 3523 armorumque
1098 3448 1176 3500 om·

224 3545 267 3600 tm
287 3520 411 3615 ignari:
428 3548 488 3594 nec
513 3524 615 3596 vitare
635 3520 737 3594 sciunt
752 3520 835 3600 tela,
856 3545 917 3592 nec
934 3523 1061 3618 jacere,
1077 3527 1175 3595 ideo-

225 3641 239 3688 ε
268 3617 387 3691 obvios
416 3619 570 3712 sugium,
597 3622 705 3710 neque
734 3618 900 3700 aliorum,
928 3643 1027 3711 quam
1053 3620 1174 3713 quibus

225 3738 261 3784 m
286 3717 413 3808 ingenii
433 3717 502 3792 est,
528 3735 583 3788 aut
608 3712 820 3809 congressus,
842 3731 899 3783 aut
924 3717 1089 3810 colloquia
1117 3740 1191 3810 pas

225 3830 307 3883 tttur.
346 3811 528 3906 Blemmyis
549 3812 652 3900 capita
677 3807 816 3889 absunt,
843 3809 953 3884 vultus
977 3813 1010 3882 in
1035 3815 1173 3905 pecbore

226 3961 228 3975 .
271 3910 393 4002 Satyris
408 3930 527 4000 prater
547 3904 718 4004 effigiem,
738 3899 823 3976 ¹nihil
847 3905 993 3980 humani.
1031 3909 1176 4003 AEglpa·

226 4029 254 4076 n
270 4028 343 4099 quat
358 4005 551 4091 celebratur,
572 4030 610 4083 ea
629 4005 739 4080 forma
753 4003 812 4075 ell.
838 4001 929 4080 Hac
944 4006 989 4078 tle
1010 4006 1142 4078 bioca.

625 4176 632 4189 ,,
667 4102 804 4200 .qu
950 4127 963 4156 ·
1029 4088 1230 4175 thffi‘
