2859 4709
416 409 999 488 deuorarrouen
1134 433 1205 511 2ss

203 533 315 612 modo
337 535 410 612 hec
426 541 562 635 Cinyrae
578 539 698 632 poffint
716 540 871 631 adaptari.
915 533 1124 612 Crediderim
1144 563 1207 625 po·

205 637 275 707 tius
299 636 341 706 de
364 634 504 707 Aristaeo
521 637 590 706 hac
614 635 700 712 dici,
718 637 775 728 qui
795 636 1048 729 cognominatus
1068 631 1113 702 est
1130 633 1207 702 Bat-

208 748 283 813 rus,
305 731 381 824 quia
407 729 522 804 blesus
545 732 630 813 fuit,
657 731 693 803 &
721 734 886 824 impeditae
908 733 1049 822 linguar,
1069 751 1105 797 ut
1130 729 1205 797 Pin-

205 828 305 915 darus
324 829 359 897 in
383 828 414 901 P
438 829 516 898 titiis
539 827 680 900 testatur.
721 831 763 900 Et
786 829 910 898 tardam
933 829 1084 920 Myrram
1108 837 1206 893 vocat

203 922 404 1018 silphium(
454 921 561 1015 ispane
581 924 733 1017 Mtnjui,
763 943 817 996 aut
837 924 982 1015 Benjui)
1010 920 1103 1007 cujus
1130 917 1206 988 Bat-

203 1035 261 1090 tus
285 1015 351 1090 fuit
377 1019 559 1092 ditiffimus.
601 1022 699 1092 Ordo
731 1021 832 1115 igitur
860 1019 943 1098 etit,
970 1034 1006 1087 ut
1027 1015 1205 1108 cognitor,

205 1111 245 1186 ἃ
269 1113 422 1187 inventor
451 1117 552 1189 tardae
584 1113 755 1212 myrrhae,
782 1118 816 1186 id
842 1113 911 1194 est,
945 1110 1079 1200 silphii,
1113 1109 1205 1202 quod

206 1211 300 1280 tarde
329 1208 462 1281 crescit:
490 1213 665 1283 Inveniare
697 1213 730 1279 in
756 1210 845 1281 orbis
878 1206 1009 1279 diversis
1035 1208 1141 1283 locis,
1167 1219 1205 1276 ut

207 1303 365 1379 aetem
376 1305 454 1399 ‚qui
472 1310 575 1379 varias
597 1309 685 1380 orbis
703 1324 812 1398 partes
833 1307 909 1375 exul
924 1305 1127 1396 peragravit:
1144 1301 1205 1370 do·

206 1423 270 1472 nec
285 1403 375 1474 venit
388 1403 561 1496 Cyrenas,
581 1404 641 1475 ubi
661 1427 721 1474 rex
744 1402 785 1473 ab
803 1402 892 1472 Afris
917 1397 1110 1471 constitutus
1132 1395 1206 1467 sn-

205 1495 277 1588 phii
299 1497 456 1568 dominus
480 1495 708 1572 effediusfuir.
734 1497 811 1570 vide
833 1498 902 1568 haec
926 1497 1020 1569 iatius
1037 1496 1072 1564 in
1092 1493 1205 1585 arag.

207 1592 306 1664 Batti
327 1594 493 1688 Silpiu'um.

257 1689 340 1763 216.
367 1692 465 1782 Inque
486 1691 554 1762 tuis
579 1688 724 1786 opifex.)
750 1690 847 1761 Ordo
872 1687 947 1760 est:
976 1690 1060 1773 Apis
1086 1688 1203 1780 opifex

207 1782 319 1855 mellis
339 1782 419 1880 figat
441 1786 503 1858 tuis
526 1787 631 1857 oculis
655 1782 753 1858 noxia
775 1782 915 1876 spicula,
941 1783 1032 1877 quod
1055 1783 1131 1855 fecit
1151 1785 1204 1855 iiia

205 1879 276 1952 vati
296 1880 433 1952 Achaeo.
477 1882 642 1954 Achaeum
668 1902 779 1955 vatem
805 1882 901 1952 multi
922 1881 1116 1952 Homerum
1142 1903 1205 1948 vo·

208 1994 303 2052 cant,
322 1975 377 2048 sed
395 1974 477 2047 mihi
490 2000 558 2047 non
575 1977 786 2050 satisfaciunt:
803 2000 879 2046 nam
894 2001 955 2047 nec
972 1974 1093 2045 constat
1110 1973 1205 2045 fuisse

186 2118 188 2123 ·
207 2067 405 2144 Homerum
428 2095 575 2153 caccum,
600 2075 637 2149 &
659 2072 682 2142 st
707 2071 890 2154 constater,
913 2071 1066 2143 cecitatis
1093 2088 1205 2141 tamen

207 2166 299 2242 causa
321 2170 450 2258 penitus
470 2169 651 2264 ignoratur.
690 2170 787 2240 Alius
807 2168 906 2262 igitur
929 2170 1134 2260 quarendus.
1222 2176 1224 2180 ’

254 2266 338 2341 116.
364 2267 467 2338 Fixus
488 2265 530 2340 (θ’
544 2265 579 2337 iu
597 2266 685 2337 duris
708 2268 892 2358 corporis.)
918 2266 975 2334 De
999 2260 1203 2334 Prometheo

207 2359 399 2451 Epimethei
422 2360 539 2444 fratre,
561 2363 655 2454 cujus
676 2359 742 2430 filia
765 2360 890 2455 Pyrrha
913 2359 998 2443 fuit,
1025 2361 1129 2432 muita
1153 2357 1205 2430 di·

206 2457 374 2529 ximus‘in
399 2456 551 2527 Emdlem.
1091 2460 1120 2527 0
1195 2530 1199 2536 ,

254 2554 337 2630 216.
366 2557 409 2628 Ut
420 2571 500 2646 puer
512 2552 757 2647 Harpagides.)
784 2553 837 2624 Sic
851 2551 989 2624 omnino
1002 2550 1203 2643 legendum:

205 2646 315 2720 sensus
331 2649 393 2719 est:
416 2651 460 2720 ita
481 2667 518 2720 tu
542 2649 736 2738 exemplum
751 2649 909 2745 Thyesta
931 2663 1078 2735 repetas,
1097 2664 1132 2714 ut
1155 2643 1203 2712 fi-

205 2745 270 2814 lius
294 2743 465 2838 Harpagi‚
490 2750 546 2835 qui
568 2746 744 2816 devoratus
766 2742 831 2815 fuir
855 2745 896 2817 ab
922 2741 1077 2811 insciente
1101 2761 1202 2831 patre·

205 2837 393 3008 lHistoriam
415 2839 514 2913 refert
538 2838 682 2923 Justinus
707 2842 761 2912 lib.
776 2863 807 2914 1.
832 2842 869 2916 &
884 2838 1082 2910 Herodotus
1099 2839 1155 2908 lib.
1170 2854 1203 2908 1.
1234 2814 1242 2866 t

220 2956 285 3009 ate.

237 3033 336 3108 216.
362 3031 491 3105 Trunca
512 3058 610 3130 geras
630 3032 756 3126 saeuo.)
796 3034 980 3104 Mamertes
1004 3027 1202 3125 Sysaphonis

203 3127 375 3204 Corinthii
403 3127 527 3211 frater,
548 3135 644 3226 regni
674 3131 851 3218 cupiditate
876 3146 1033 3221 nepotem
1061 3125 1204 3207 occidit,

204 3248 308 3319 quare
331 3222 349 3293 'a
375 3223 475 3299 fratre
508 3228 627 3298 dicitur
659 3227 873 3303 dilaceratus,
902 3229 943 3296 de
976 3222 1042 3292 hoc
1064 3220 1205 3314 amplius

204 3321 432 3416 quaerendum.
1229 3325 1232 3329 ’

251 3421 335 3492 216.
364 3420 447 3490 Utve
471 3414 671 3515 Syracosio.)
709 3417 840 3488 Omnes
867 3419 907 3488 de
943 3415 1130 3489 Theocrito
1152 3412 1207 3481 irn'

202 3512 380 3607 telligunt,
404 3510 443 3585 ab
467 3537 548 3606 rege
573 3516 685 3586 Siculo
709 3511 755 3583 ob
776 3515 1036 3585 maledicentiam
1062 3505 1206 3591 suffocas

203 3625 268 3686 to,
294 3609 330 3682 ἃ
357 3609 391 3678 id
419 3612 647 3703 quaerendum.
963 3662 967 3673 .

251 3705 332 3779 216.
357 3706 522 3798 Nudaque
546 3706 705 3803 direpto.)
732 3702 869 3780 Marstas
896 3700 1045 3774 1116111511
1071 3698 1207 3787 Phoebo

201 3803 391 3872 excoriatus
415 3801 503 3883 fuit,
528 3823 604 3875 nota
630 3801 675 3874 est
707 3799 819 3873 fabula
845 3825 889 3873 ex
913 3799 1018 3873 Ovid.
1039 3796 1086 3870 :dt
1110 3795 1227 3885 aiiisrr

198 3896 229 3967 is
256 3896 349 3967 dedit
374 3921 502 3968 nomen
525 3895 643 3973 fluvio.

247 3995 333 4070 216.
359 3990 513 4086 Suttificae
543 3998 694 4089 videas.)
712 3988 864 4183 gerseus
897 3988 1027 4070 deviae
1062 3983 1214 4160 ligedflsa*

775 4109 797 4183 3
1105 4105 1146 4177 09
1172 4103 1208 4166 θ’·
