2859 4709
478 452 922 529 SantnnuIL
1130 472 1200 555 3&

194 595 403 656 murmurat:
427 578 563 652 Utinam
589 579 687 660 Rex,
705 577 742 650 &
764 578 877 670 regina
898 578 986 650 hunc
1006 593 1119 668 optent
1140 607 1201 673 ge·

198 700 341 751 uerum:
371 677 495 748 utinam
522 678 638 766 pueiie
666 676 754 746 hunc
780 676 921 768 rapiant:
945 678 1071 747 utinam
1101 678 1203 768 quid·

197 772 280 865 quid
303 774 476 845 calcaverit
501 773 580 852 hic,
603 772 693 845 Rosa
712 772 779 844 fiat.
819 775 864 842 At
886 794 967 843 veto
990 792 1081 860 pater
1107 769 1203 863 pueri

196 868 379 942 {tuttiffima
403 890 480 943 vota
505 870 715 962 indignatus,
737 869 807 940 haec
834 868 944 946 addit,
969 891 1036 962 ego
1063 893 1084 937 o
1110 867 1205 958 Jupi-

197 983 271 1047 ter,
292 990 461 1058 nunquam
487 967 559 1038 talia
582 966 735 1036 mandavi
757 965 893 1035 nutrici:
915 964 983 1033 haec
1006 964 1052 1034 itti
1078 985 1200 1060 negato

197 1078 304 1141 vota,
330 1063 540 1156 quantumvis
563 1061 633 1132 alba
658 1059 748 1134 veste
769 1063 901 1132 indueta
922 1081 954 1130 te
975 1077 1085 1154 coget.

248 1156 307 1228 Est
332 1157 441 1230 cursus
467 1159 522 1252 qui
545 1157 653 1246 poscat
680 1181 780 1246 opem
799 1157 835 1230 ὅ(
860 1175 1004 1228 tutamen
1029 1155 1138 1227 nervis
1165 1150 1203 1227 ὅ(

177 1250 339 1325 'seneeiae
366 1254 465 1326 fidele
498 1278 640 1343 corpus:
673 1253 743 1323 esto
776 1278 863 1348 age,
888 1252 941 1329 sed
977 1255 1116 1345 grandes
1142 1274 1203 1340 pa·

198 1349 304 1428 tinae,
330 1349 367 1422 &
389 1348 487 1420 crassa
517 1369 654 1426 tuceta,
682 1350 803 1439 quibus
835 1348 1047 1421 indesinenter
1079 1347 1202 1428 utitur,

199 1464 336 1517 vetuere
363 1450 458 1518 Deos
485 1446 533 1518 his
558 1470 702 1518 annuere
728 1449 917 1538 iovemque
943 1463 1052 1518 arcent
1077 1470 1096 1515 a
1123 1467 1201 1536 pte·

201 1540 309 1613 cibus.

250 1637 309 1708 Est
336 1641 487 1729 quirem
518 1657 671 1710 extruere
705 1653 872 1728 exoptet,
906 1658 1081 1730 propterea
1115 1633 1199 1716 caso

201 1728 297 1803 bove
320 1733 357 1807 δι
383 1733 471 1807 fibris
497 1734 644 1824 inipeeiis
667 1736 878 1806 Mercurium
901 1738 1037 1805 advocat
1063 1733 1200 1802 dicens:

202 1831 245 1900 da
269 1826 434 1901 fortunare
454 1851 606 1922 penates,
629 1833 669 1903 da
690 1854 811 1921 pecus,
832 1832 871 1901 da
892 1830 1052 1924 gregibus
1066 1829 1203 1899 foetum.

201 1925 287 2014 Quo
314 1928 411 2016 pafiio
435 1931 570 2020 peflime
600 1945 649 1998 tot
682 1923 817 1998 incensis
838 1927 874 2000 &
898 1927 1048 1998 crematis
1081 1925 1204 2015 junici·

201 2018 264 2091 bus
289 2019 325 2093 ὅ(
351 2044 401 2093 tot
428 2023 605 2094 interfeuis
637 2022 755 2095 ovibus
779 2022 828 2096 vis
854 2046 994 2116 gregem
1029 2018 1202 2096 cresceres

201 2116 257 2187 sed
281 2135 390 2190 tamen
418 2135 453 2191 tu
478 2119 584 2189 obniti
608 2138 720 2189 contra
748 2116 914 2191 tendis&
939 2118 1060 2210 opimis
1089 2141 1205 2188 omen·

202 2215 242 2283 tis
259 2214 390 2285 vincere
413 2218 569 2287 intendis:
588 2215 712 2310 tibique
737 2215 874 2306 palpatis
895 2215 1024 2287 dicens:
1044 2213 1108 2305 jam
1129 2236 1202 2284 cre·

202 2305 257 2379 scit
283 2334 382 2403 ager:
410 2312 474 2401 jam
500 2310 610 2383 crescit
640 2313 750 2385 ovile:
780 2311 846 2402 jam
873 2310 1002 2384 dabitur
1030 2314 1202 2405 quod-ex·

189 2404 302 2495 opto:
327 2407 393 2498 jam
421 2407 502 2499 jam,
530 2406 667 2480 dabitur.
716 2409 837 2480 Donec
862 2431 1016 2481 nummus
1044 2412 1204 2496 deceptus

203 2499 251 2666 pel
263 2527 365 2597 expes
391 2506 513 2576 inimo
538 2505 644 2577 fundo
673 2529 755 2578 arcae
779 2529 841 2577 nec
868 2506 1039 2599 quisquam
1067 2501 1202 2594 [uipiret

218 2622 303 2669 ons.
1052 2632 1054 2637 ·

253 2700 331 2786 Age
348 2693 412 2783 jam
428 2697 596 2768 veniamus
617 2699 656 2768 ad
678 2693 883 2769 somnio'rum
901 2697 1132 2775 deliramenta,
1147 2694 1206 2786 qui

174 2878 180 2893 Ι
203 2788 329 2861 somnia
353 2810 458 2883 captas
481 2797 521 2863 ad
550 2795 704 2884 pecunias
724 2794 991 2887 conglobandas‚
1016 2794 1069 2864 cui
1097 2817 1207 2873 ουτω,

150 2890 162 2897 ”
203 2884 239 2959 δ(
267 2888 477 2977 occupationi
500 2890 580 2959 dum
606 2892 734 2962 deditus
756 2916 814 2969 es,
836 2892 871 2963 ὅ(
894 2889 1046 2974 anhelas,
1073 2886 1096 2958 fi
1119 2890 1208 2960 forte

204 2982 335 3054 fortuna
358 2983 417 3051 tibi
437 3004 571 3076 repente
594 3005 732 3058 crateras
751 2989 878 3081 argenti
899 2986 1023 3066 feram,
1045 3003 1099 3058 aut
1123 2989 1210 3056 dona

203 3079 320 3172 pingui
353 3100 432 3151 auro
461 3083 571 3152 calata
597 3080 760 3160 offeram,
789 3077 912 3162 iudea,
940 3085 974 3155 u
999 3084 1136 3173 peeiore
1160 3081 1210 3150 st-

203 3176 302 3247 nilico
323 3198 342 3244 a
369 3196 459 3264 parte
488 3180 595 3247 cordis
622 3181 767 3250 excutias
796 3199 924 3273 guttas,
947 3176 984 3250 ὅῑ
1009 3180 1076 3268 ptae
1099 3178 1209 3248 letitia

202 3294 260 3343 cor
284 3269 343 3341 tibi
370 3270 536 3343 subsuitet.
579 3273 664 3342 Inde
690 3280 777 3344 enim
804 3299 949 3369 auguror
975 3274 1072 3354 fieti,
1099 3288 1136 3342 ut
1161 3272 1212 3343 fa·

203 3369 269 3441 cies
298 3369 436 3438 deorum
460 3368 605 3446 inaures,
628 3371 663 3441 ὅ(
683 3394 764 3441 auro
789 3371 1003 3460 triumphali:
1030 3384 1129 3458 atque
1147 3367 1212 3443 sta·

203 3463 265 3536 tuis
297 3463 394 3534 aeneis
421 3463 557 3536 barbam
581 3484 726 3535 auratam
759 3467 866 3539 facias.
907 3469 972 3539 Sed
1000 3465 1060 3534 iilis
1087 3465 1212 3554 praeci·

202 3556 267 3651 pue
291 3557 444 3633 fratribus
465 3563 723 3654 quinquaginta,
746 3565 803 3652 qui
821 3565 904 3635 anei
928 3562 1008 3631 stant
1036 3562 1068 3628 in
1091 3582 1213 3650 campo

201 3656 355 3741 Marti0,
378 3660 453 3748 quia
482 3658 606 3728 i'onmia
632 3682 732 3735 vera,
760 3660 796 3731 δί
824 3658 940 3750 pituita
970 3670 1106 3753 purgata
1133 3660 1214 3728 mit-

198 3771 294 3833 tunt,
306 3776 347 3832 ο,
366 3756 436 3826 auti
453 3751 536 3825 sacra
554 3754 675 3823 fames:
694 3758 825 3827 Aurum
854 3780 873 3825 e
895 3752 1026 3841 templis
1042 3752 1114 3820 vaia
1132 3750 1211 3824 Nu·

200 3873 269 3926 tnae
297 3851 445 3939 expulit:
477 3874 593 3921 aucum
630 3853 778 3922 Saturnia
808 3875 869 3922 aeca
905 3849 1067 3938 impulit:
1095 3869 1213 3923 autum

203 3943 392 4023 Vestalium
416 3970 512 4017 urnas
534 3947 674 4039 abjecit,
700 3972 820 4022 aurum
847 3946 989 4042 denique
1011 3943 1112 4018 fietile
1125 3945 1215 4016 Tul'-

198 4043 263 4119 οἱα
291 4041 460 4134 hodieque
489 4062 604 4115 mutat.

273 4140 331 4214 n.
344 4140 471 4217 sanun
486 4142 588 4236 oper.
613 4142 721 4216 tom.
732 4141 787 4215 11.
930 4137 967 4215 u
1090 4108 1215 4210 om·
