2859 4709
256 434 946 537 nrsrnuonnrs.Lib.1.Cnp.1.
1033 458 1101 539 527

192 565 263 639 nbi
288 568 406 638 iterum
434 564 571 640 effundit
601 568 731 637 Pontus
756 564 929 635 Euxinus:
953 589 1016 658 qua
1041 592 1102 656 pa·

194 666 436 745 committitur,
452 663 667 760 Cymmerius
689 661 902 760 Bosphorus:
928 664 1018 749 palus
1039 662 1105 751 ipss
1199 743 1204 754 ὁ

196 763 269 834 otis:
291 760 374 833 Hoc
397 762 479 832 mari
493 767 528 836 dc
544 759 674 831 duobus
695 759 821 853 inclytis
841 756 1014 842 amnibus,
1035 759 1107 828 Ta-

197 861 328 934 tNilm
349 857 383 929 in
403 868 468 930 tre‘s
488 880 594 951 partes
613 857 802 927 universum
821 851 987 925 dividitur.
1027 854 1106 927 Ta·

199 952 214 1026 l
232 955 449 1047 septentrione
471 958 511 1027 ad
532 951 707 1024 meridiem
727 973 889 1045 vergens,
907 951 940 1018 in
962 953 1106 1025 mediam

201 1052 355 1124 uoeotida
374 1049 504 1124 defluit:
522 1050 619 1126 &ex
642 1046 771 1122 diverso
788 1048 888 1119 Nilus
904 1047 939 1116 in
959 1049 1107 1143 pelagus.

202 1148 215 1219 l
237 1167 394 1220 terrarum
417 1148 501 1241 jacet
525 1146 542 1220 l
563 1146 651 1219 freto
678 1146 720 1217 ad
745 1169 784 1218 ea
812 1144 970 1230 flumina,
994 1144 1034 1216 ab
1057 1145 1109 1215 al·

207 1244 306 1316 latere
324 1245 483 1317 ‘Africam
504 1246 685 1317 vocamus}
712 1240 753 1313 ab
780 1243 907 1322 altero,
928 1242 1107 1329 Europen:
1160 1321 1162 1324 ,

204 1342 329 1424 silum,
351 1342 525 1423 Africam3
554 1344 597 1412 ad
611 1340 777 1422 Tanaim,
799 1342 969 1431 Europen.
1012 1340 1107 1412 Ultra

205 1440 266 1534 uid
290 1437 363 1516 est,
389 1435 465 1508 Alia
491 1434 569 1529 est.¹

258 1614 260 1619 ⁴
392 1599 430 1688 c
463 1554 700 1683 APUT
742 1600 838 1685 'ln

340 1760 498 1847 Summa
536 1761 636 1875 Asu
675 1748 885 1878 descriptio.
949 1742 952 1749 .

208 1933 315 2013 Ribus
339 1933 422 2008 hanc
446 1931 465 2010 ὲ
491 1936 636 2031 partibus
659 1938 763 2035 tangit
788 1942 965 2021 Oceanus,
988 1936 1033 2008 ita
1053 1954 1114 2011 no-¹

225 2032 369 2106 minibus
393 2051 430 2106 ut
454 2033 537 2107 locis
564 2031 731 2107 diffetms.
773 2036 865 2108 Eous
894 2035 936 2107 ab
962 2032 1115 2117 oriente,

210 2131 298 2203 §ridie
324 2131 529 2215 Indicussit
559 2129 781 2226 septentrione
811 2131 995 2229 Scythicus.
1039 2129 1115 2223 Ipsa

213 2227 237 2298 ti
257 2252 294 2300 ac
310 2245 468 2320 perpetua
485 2226 596 2300 fronte
616 2228 707 2303 versa
725 2231 766 2303 ad
787 2230 971 2315 orientem,
988 2244 1116 2311 tantum

237 2326 271 2399 in
295 2325 499 2399 latitudinem
526 2321 695 2407 effundit,
734 2345 893 2420 quantum
919 2322 1116 2417 Europa&

214 2446 248 2502 a,
269 2420 304 2495 δι
329 2424 420 2513 quod
444 2422 528 2491 inter
553 2418 663 2493 ambas
685 2424 822 2517 pelagus
845 2421 1026 2497 immissum
1049 2420 1116 2502 est,

215 2542 291 2589 cum
309 2518 513 2610 aliquatenus
530 2515 629 2589 solida
653 2519 885 2609 proceffitrex
904 2520 961 2592 illo
975 2523 1115 2592 Oceano

240 2615 394 2686 Indicum
421 2613 589 2695 diximus,
617 2614 800 2695 Arabicum
831 2614 983 2691 mare&
1005 2612 1117 2687 Perst-
1167 2659 1170 2664 -

217 2753 223 2783 i
246 2736 289 2783 ex
316 2709 473 2807 Scythico
501 2710 659 2802 Caspium
684 2712 833 2806 recipit:
860 2713 895 2785 δι
924 2711 1025 2787 ideo,
1052 2708 1117 2804 quit

219 2827 230 2878 t
250 2806 429 2902 angustior.
466 2806 592 2880 Rursus
613 2804 836 2901 expanditur,
860 2809 896 2883 δ(
916 2807 1037 2901 sit-tam
1055 2809 1117 2881 lata

237 2903 354 2978 fuerat.
392 2903 526 2983 Deinde
543 2929 620 2975 curn
642 2907 708 2998 jam
730 2907 765 2977 in
786 2904 883 2977 suum
900 2904 1023 2987 linem,
1042 2907 1119 2977 alia·

219 3025 258 3073 ue
287 3021 448 3073 terrarum
488 2999 629 3073 confinia
664 3001 828 3083 devenit,
864 3004 973 3077 media
999 3002 1120 3079 nostrin

219 3098 304 3170 ribus
326 3096 514 3188 excipitur:
542 3098 665 3190 reliqua
686 3093 790 3169 altero
815 3123 919 3173 cornu
941 3102 1052 3194 pergit
1077 3101 1122 3169 acl
1191 3150 1194 3154 -

219 3216 268 3273 n,
298 3193 399 3264 altero
433 3197 473 3266 ad
501 3193 658 3264 Tanaim.
701 3195 774 3266 Ora
806 3196 882 3291 ejus
910 3221 989 3273 nutu
1023 3195 1121 3269 alveo*

220 3289 409 3382 amnisstipa
434 3288 599 3363 descendit
627 3291 660 3359 in'
685 3292 845 3385 pelagum
871 3291 913 3371 δί,
935 3288 1016 3371 diui
1040 3289 1121 3364 licut

220 3386 366 3470 incedit,
382 3388 425 3458 ita
451 3387 506 3458 sua
528 3386 633 3457 littora
654 3387 807 3483 porrigit.
840 3386 1120 3467 Deindefit've·

220 3543 222 3552 ,
248 3481 405 3566 obviam,
423 3480 460 3556 ἃ
482 3483 629 3574 primum
652 3483 684 3554 se
709 3483 837 3577 ingenti
862 3483 1148 3560 ambituimur«

221 3578 291 3671 poll
324 3575 356 3651 se
386 3575 511 3677 ingenti
535 3578 646 3691 frontel
666 3581 706 3681 ad
741 3578 1032 3672 Hellesponticum
1054 3578 1123 3652 sre·

221 3677 378 3747 extendit:
398 3678 439 3746 ab
465 3700 507 3746 eo
527 3670 658 3765 iterum
673 3676 821 3773 obsquat
842 3681 886 3751 ad
897 3676 1122 3770 Bosphorum.

222 3796 311 3865 nque
333 3774 374 3843 ad
398 3773 575 3843 Ponticum
598 3771 682 3844 latus
706 3782 808 3847 cu'rva
831 3776 957 3847 aditum
977 3772 1125 3849 Maeoti-

223 3868 384 3942 ransverso
410 3871 559 3965 margine
587 3868 665 3940 attin
693 3869 727 3941 it.
771 3869 861 3945 Inde
888 3895 962 3944 eam
990 3872 1126 3967 gremio
1176 3866 1179 3875 “

224 3970 326 4039 anaim
346 3963 449 4058 usque
473 3967 649 4060 complexa
667 3893 709 4039 lit
732 3966 822 4058 ripa,
842 3995 904 4065 qua
923 3967 1051 4041 Tanais
1069 3966 1134 4037 eu.

239 4068 369 4157 primos
383 4064 559 4140 lominum
582 4066 782 4165 accepimus
806 4067 852 4147 ab
867 4059 1189 4220 eirenem&
