2859 4709
412 369 993 441 Annonirronne
1129 388 1197 463 κῃ

251 510 335 569 212·
358 488 509 591 Quosque
531 490 619 582 ferae
648 496 744 565 rnorri
776 493 910 566 Lemnio
941 489 1069 578 turha.)
1095 489 1200 561 Lern-

198 587 305 659 nincae
326 592 481 661 mulieres
503 610 703 662 revertentes
733 594 867 661 maritos
896 614 938 660 ex
967 588 1110 659 Thracia
1133 612 1198 661 utta

199 686 303 755 noble
327 688 556 766 trucidarunt,
582 707 700 779 praeter
719 684 952 783 Hyfiphilem‚
973 708 1047 776 quae
1060 684 1199 754 Thoan·

198 798 271 851 tent
292 802 419 873 patrem
443 782 589 857 servavit.
639 784 758 857 Statius
781 784 816 855 in
835 778 992 853 Thebaid.
1019 780 1055 854 δί
1084 780 1200 854 Valet.

179 876 291 949 ‘Fine
315 882 352 951 iu
375 886 527 976 Argono.

249 996 332 1051 212„
359 978 403 1051 Ut
429 978 485 1071 qui
508 974 572 1071 post
596 977 753 1072 longum)
778 975 811 1046 id
831 974 903 1053 est,
928 998 1040 1046 annos.
1087 968 1200 1043 Thra-

199 1066 550 1153 mamentianos
575 1074 763 1149 vocabatur.
804 1073 906 1146 Ovid.
931 1072 984 1143 lib.
997 1092 1027 1144 1.
1049 1072 1088 1143 tlt
1112 1072 1200 1139 Arre

199 1171 345 1241 notandi.

225 1336 228 1341 -
250 1291 396 1365 Dicitur·
411 1296 578 1394 AEgyprus
603 1292 734 1386 coruiffe
757 1290 947 1386 juvantibus
973 1314 1054 1359 arun

298 1388 480 1467 Imbribus,
507 1415 601 1485 utque
627 1395 722 1464 nnuis
739 1388 827 1483 fioca
844 1385 941 1480 fuiffe
962 1412 1084 1459 noveru.

246 1483 361 1577 Quum
384 1484 536 1581 Thrasius
559 1486 686 1581 Bufirin
711 1488 806 1565 adit,
831 1481 1043 1577 monstratque
1064 1480 1151 1581 piari

299 1580 444 1677 Hospitis
469 1580 565 1677 effuso
580 1587 740 1678 sauguine
762 1578 847 1676 puffe
866 1584 988 1657 Iovem.

248 1678 310 1749 Illi
333 1674 476 1769 Bustris:
491 1678 554 1769 fier
578 1683 671 1756 Jovis
694 1676 792 1771 hostio
813 1680 958 1775 primus,

299 1772 433 1869 Inquit,
454 1774 494 1851 (β’
514 1782 660 1877 AEgypro
689 1800 727 1847 ru
751 1774 840 1846 dubis
859 1774 967 1867 hospes
993 1796 1116 1865 aquom.

249 1912 334 1972 212.
361 1898 475 1971 Frater
492 1922 528 1971 ur
545 1898 683 1987 Antei.)
709 1897 870 1992 Egnatius
896 1894 1077 1968 Bufirtdem
1104 1897 1199 1970 intel-

198 1989 277 2083 ligit
300 1992 452 2086 Neptuni
469 1994 598 2079 filiurn,
624 1996 729 2067 Antei
749 1995 902 2074 fratrem,
921 2011 976 2065 aut
1001 1991 1110 2087 potius
1129 1998 1200 2067 An.

201 2088 262 2159 ceti
286 2087 433 2162 fratrem.
1078 2090 1082 2099 '

250 2206 333 2263 212·-
360 2190 404 2261 Ur
416 2190 471 2285 qui
483 2189 640 2261 terribiles
652 2211 713 2287 pro
723 2211 857 2285 gramen
870 2183 1200 2276 hubeuribusherbir.)

201 2278 320 2353 Sensus
342 2282 408 2368 est,
431 2304 467 2356 ut
485 2285 561 2361 ille,
577 2286 634 2378 qui
655 2286 744 2377 pavit
766 2282 890 2357 viscere
903 2284 1050 2353 humano
1070 2305 1196 2372 equos,

200 2399 263 2467 pro
286 2378 398 2451 herbis
411 2381 606 2452 habentibus
619 2404 777 2477 gramen,
797 2379 902 2469 potest
922 2380 1009 2473 legi,
1027 2382 1198 2471 gramina,

200 2472 257 2543 ubi
276 2494 372 2544 vetus
394 2478 498 2571 legit,
515 2481 685 2575 gramine.-
708 2476 815 2568 potest
835 2496 943 2549 autem
958 2475 1098 2565 intelligi
1111 2477 1200 2545 Dio·

200 2571 316 2641 medes
335 2572 599 2665 Thracius‚.qui
624 2572 682 2645 lito
707 2572 862 2669 sanguine
885 2572 954 2643 suas
969 2591 1069 2659 equas
1090 2573 1200 2660 pavit,

200 2664 262 2739 illis
282 2668 324 2735 ab
339 2668 489 2744 Hercule
510 2670 671 2759 objeuus.
718 2672 775 2741 De
793 2668 946 2741 absumtis
965 2664 1084 2736 abillis
1106 2667 1199 2759 equis

199 2764 285 2834 dixit
309 2760 412 2855 supra.
453 2771 496 2841 Ur
513 2768 567 2862 qui
586 2767 732 2839 Threicii
751 2766 917 2860 quondam.
963 2766 1045 2832 Sunt
1066 2764 1123 2851 qui
1146 2769 1198 2834 in·

198 2860 353 2954 telliganr
383 2865 424 2934 de
452 2866 587 2937 Glauco
613 2862 741 2960 Sysrphi
764 2863 859 2941 filio,
887 2858 943 2952 qui
974 2860 1073 2930 etiam
1103 2862 1198 2953 equis

196 2952 265 3121 'suis
289 2954 446 3048 pabulum
467 2962 551 3043 fuit,
572 2957 627 3031 sed
648 2963 690 3032 de
714 2958 781 3030 hoc
804 2959 960 3043 Glauco,
981 2956 1016 3030 lit
1042 2958 1083 3028 de
1104 2957 1198 3050 equis

196 3074 231 3120 tn
249 3076 295 3123 ra.

244 3166 447 3241 Potniadum
465 3173 587 3261 morsus
594 3168 714 3256 subeas
739 3170 790 3263 (ut
802 3168 959 3259 Glaucus)
983 3194 1146 3265 equorum.

246 3286 295 3357 Ut
319 3291 382 3360 duo
407 3290 576 3387 diversis.)
601 3293 769 3365 Hercules
790 3292 867 3362 item
881 3291 1022 3364 'diversis
1037 3291 1198 3387 tempori·

196 3378 264 3451 bus
283 3386 364 3457 alios
387 3388 473 3459 duos
491 3392 613 3461 occidit
636 3388 799 3466 Neffum,
817 3388 853 3460 δι
873 3390 1037 3484 Eurytion
1063 3405 1198 3460 centau-

196 3500 276 3589 ros:
299 3482 463 3578 Eurytion
482 3504 591 3557 autern
610 3504 706 3558 vocat
724 3507 886 3578 generum
898 3488 1098 3558 Dexameni.
1117 3484 1197 3578 Hy-

197 3598 269 3669 ἕω·
297 3603 365 3676 “ll·
383 3603 438 3671 31·
455 3602 512 3673 33·
525 3603 581 3676 34·
989 3670 996 3686 ,

253 3692 333 3753 212·
360 3680 463 3771 thue
480 3698 641 3773 pronepos
653 3679 794 3751 Sorurue
814 3677 920 3767 tuus.)
945 3673 1013 3746 Hts
1029 3674 1108 3744 ouo
1124 3696 1200 3745 ver·

196 3766 308 3843 ficulis
328 3776 538 3847 eontinentur
562 3776 701 3846 latrones
735 3772 753 3844 'a
781 3769 917 3844 Theseo
944 3769 1134 3849 dilacerati,
1160 3768 1199 3845 ὃς

194 3864 324 3980 occis13
354 3868 541 3965 dequibus
569 3869 612 3945 stc
637 3873 743 3951 ovid.
773 3874 908 3946 Meron.
922 3888 956 3961 7.
983 3865 1017 3937 in
1045 3863 1197 3942 laudibus

195 3960 336 4037 Thesei·
1071 4060 1200 4137 Miroro
