2859 4709
305 389 376 470 126
493 387 542 480 Q.
580 384 834 461 Hottrrtr
862 388 1066 460 resecr

304 518 433 595 podmate
445 512 629 592 Tragoediam
648 512 847 582 concinnabis,
864 518 948 592 qufam
965 511 1146 598 liprofferres
1165 510 1253 594 igno}

302 613 349 664 ta,
362 599 393 656 &
412 593 518 654 indid’ra
536 593 649 669 primur.
686 595 721 652 ld
740 593 875 656 facillime
893 594 1099 672 alloqueris,&
1114 612 1151 655 ert
1170 602 1254 654 com*

304 675 383 815 ’ἔω
402 671 851 815 llt‘llzillh‘llnel
865 673 1253 827 lll”55.2‘l‘⁵,.;..⁸5d⁰f³d

304 774 515 913 qdddualiquid
534 791 637 911 accipit
654 836 798 911 dpodra,
822 854 880 894 uon
898 775 981 896 frigoris
1002 833 1135 908 interpres
1159 798 1254 900 fidus,

304 932 336 974 ut
352 916 472 975 verbum
491 914 580 974 verbo
600 914 719 975 reddere
742 913 772 972 lit
791 913 916 976 necesse:
936 933 990 976 nec
1008 913 1045 973 ita
1064 912 1143 970 filum
1161 914 1251 988 poitae

191 1026 196 1032 ·
302 1009 358 1054 tuae
379 997 463 1055 ducas
475 1031 485 1060 ,
512 1008 543 1053 ut
568 991 596 1050 in
624 1012 732 1070 rupes,
752 1007 801 1052 aut
827 995 934 1069 areium
956 994 1052 1054 locum
1073 993 1253 1058 detrudaris,

303 1076 380 1133 unde
400 1071 510 1135 refferre
531 1075 634 1147 pedem
651 1089 699 1133 aut
724 1092 782 1133 non
808 1074 910 1149 poffis,
932 1089 980 1134 aut
997 1071 1090 1150 operis
1108 1073 1177 1143 lent,
1197 1075 1252 1150 (nt

305 1151 410 1232 aliquid
430 1157 466 1214 ad
485 1151 572 1213 finem
589 1167 714 1226 optatum
733 1151 841 1233 ducas)
863 1173 921 1215 non
940 1167 1069 1228 patimur,

468 1286 1093 1398 Anuouahronun

226 1530 229 1540 .
344 1479 481 1557 Impiger,
497 1472 672 1560 iracundus.)
712 1478 800 1542 Julius
822 1478 915 1541 Caesar
936 1477 1061 1558 Scaliger
1082 1478 1111 1556 in
1134 1475 1249 1553 censura

303 1561 447 1633 poitarum
466 1561 573 1636 sugillat
590 1564 773 1627 Homerum,
798 1560 874 1637 qnod
894 1557 1038 1620 Achillem
1065 1559 1191 1635 semper,
1213 1559 1247 1617 δι

303 1639 409 1713 ubique
426 1655 510 1702 vocet
526 1641 622 1704 rader
645 1647 722 1709 inor,
743 1640 773 1701 id
795 1640 854 1706 ell,
872 1637 1003 1705 velocem
1021 1638 1154 1714 pedibus,
1181 1656 1248 1696 nam

304 1719 326 1775 st
350 1717 475 1780 Achilles
496 1734 543 1777 aut
565 1721 661 1787 sedet,
691 1738 736 1782 aut
756 1719 937 1782 concionatur
955 1715 1046 1788 stans,
1065 1719 1134 1796 quid
1153 1716 1249 1797 attinet

289 1793 382 1860 ,illum
401 1799 534 1873 appellari
553 1817 687 1876 perpetuo
703 1801 826 1877 epitheto
843 1799 938 1860 mdiu
958 1805 1022 1861 ianr
1044 1804 1169 1875 α’χιλινε.
1210 1800 1249 1856 Ar

303 1875 324 1935 fi
344 1877 469 1959 Scaliger
487 1879 662 1948 advertisset,
676 1880 753 1955 qnod
771 1898 808 1939 ex
825 1878 963 1939 hocloco
981 1881 1136 1940 Horatiano
1157 1876 1249 1938 fuerat

282 1991 285 1998 ·
301 1957 524 2027 advertendum,
544 1957 710 2020 moderatius
726 1977 791 2034 erga
810 1960 967 2018 Homerum
988 1961 1017 2018 so
1036 1972 1155 2037 gereret,
1187 1959 1248 2017 lm·

299 2034 382 2115 piger
401 2037 484 2100 verrit
499 2041 596 2100 Horat.
614 2038 710 2099 uidae
727 2037 799 2101 ὄιές.
818 2040 884 2098 Hoc
902 2037 1025 2114 epitheto
1043 2037 1173 2113 cupiebat
1191 2035 1247 2097 ho··

300 2115 393 2176 norati
414 2117 575 2187 Alexander
593 2116 641 2179 ille
662 2119 802 2197 Magnus,
821 2116 868 2195 qui
887 2137 972 2193 quum
995 2119 1031 2178 ab
1051 2135 1247 2195 eoquaerere·

299 2209 363 2263 tur,
381 2199 438 2272 quo
456 2195 538 2267 padio
551 2213 610 2257 tam
627 2195 707 2258 brevi
726 2213 854 2270 tempore
871 2211 913 2257 tot
932 2216 975 2256 tes
995 2195 1083 2277 gellas
1107 2194 1246 2271 confecis-

299 2274 360 2341 set,
382 2276 471 2352 pant·
488 2275 629 2352 respondit
648 2275 874 2351 dvndaernlprm,
894 2276 924 2334 id
936 2274 995 2343 est,
1020 2279 1089 2336 nidd
1103 2281 1132 2336 in
1152 2275 1244 2352 credid

301 2373 367 2411 num
389 2358 547 2435 relinquens.
581 2357 618 2415 Et
630 2354 717 2415 Julius
731 2356 839 2423 Cesar,
852 2375 937 2430 quum
955 2356 1109 2418 Alexandri
1126 2355 1245 2417 sternam

299 2429 466 2502 intueretur,
487 2431 597 2508 suspiria
617 2432 717 2503 duxit,
735 2435 811 2512 qudd
828 2435 886 2513 ipse
899 2433 1090 2499 Alexandrum
1105 2452 1184 2498 atate
1199 2435 1245 2503 stre

298 2531 397 2592 perans
417 2515 475 2589 eius
498 2515 623 2576 nondum
643 2512 739 2584 fadla,
759 2516 791 2576 &
812 2533 855 2575 rer
875 2513 964 2594 gellas
985 2515 1185 2592 exaequavilset.

340 2591 455 2675 Difficile
473 2593 506 2671 est
523 2592 653 2674 proprie.)
685 2593 856 2653 Communia
869 2611 953 2654 vocat
961 2596 1090 2655 Horatius
1102 2615 1163 2670 qnae
1181 2591 1243 2672 pos·

298 2669 360 2730 fiunt
378 2672 433 2733 ell'e
452 2671 713 2751 multorum,·quali
728 2674 818 2747 dicat:
835 2672 970 2735 difficilius
988 2672 1028 2736 ell
1045 2673 1187 2736 Achillem
1204 2677 1243 2734 ab

299 2751 429 2813 Homero
450 2753 569 2833 [tamtum
588 2751 618 2812 in
639 2752 715 2813 aetus
730 2751 896 2828 disponere,
913 2774 997 2830 quam
1018 2773 1124 2814 novam
1146 2753 1243 2831 perso-

296 2847 362 2888 nam
379 2828 502 2910 fingere:
522 2833 598 2894 unde
616 2850 681 2890 oum
698 2834 805 2905 maiore
822 2832 948 2901 honore,
961 2836 992 2895 &
1010 2831 1164 2912 elegantius
1180 2831 1242 2893 effi·
1281 2824 1289 2841 ⁸

296 2907 353 2968 cies
373 2910 537 2988 proprium,
562 2913 641 2991 quod
659 2912 792 2975 omnibus
811 2916 939 2997 patelpam
963 2933 1047 2991 quam
1071 2913 1091 2974 fi
1111 2933 1187 2976 nova
1211 2927 1244 2974 ιιι

295 2984 354 3066 ipse
374 2988 476 3062 primus
497 2993 674 3065 produceres.

338 3067 602 3151 Redlinslliacnm.)
643 3071 678 3139 Id
693 3070 752 3140 est,
771 3068 837 3132 c'um
852 3070 952 3150 maiori
971 3070 1097 3139 honore,
1114 3069 1146 3135 id
1163 3070 1242 3134 eninr

296 3145 430 3222 fignificat
449 3150 550 3211 redditas
572 3144 651 3230 apud¹
664 3149 832 3219 Horatium,
850 3167 880 3211 ιιι
898 3151 944 3210 lib.
958 3171 983 3212 ι.
1004 3150 1071 3292 agili.
1084 3171 1131 3220 17.
1162 3155 1242 3214 Rec-

294 3223 349 3285 tius
368 3228 441 3298 hoo,
458 3232 491 3292 &
512 3229 680 3308 splendidius
698 3230 788 3293 multo
806 3229 857 3291 est.
896 3233 933 3291 Er
954 3230 1012 3292 redi
1053 3229 1068 3303 l
1076 3231 1153 3306 qudd
1174 3230 1243 3292 Hil-

296 3305 369 3382 pand
390 3307 526 3380 dicimus,
544 3309 770 3389 lonradarnenre.)
801 3313 891 3371 Horat
919 3314 989 3386 Saty.
1002 3331 1031 3378 7.
1043 3309 1123 3388 serm,
1137 3330 1164 3375 ι.
1182 3314 1242 3372 ocia

297 3384 368 3444 rene
388 3405 489 3463 ponere.
522 3390 596 3453 Ibid.
616 3396 686 3466 Saty.
697 3395 725 3454 8.
750 3389 885 3452 Precindii
904 3390 972 3452 recle
992 3391 1088 3471 pueri,
1110 3393 1241 3474 comitique

296 3464 453 3545 minijirent.
485 3469 564 3532 Male
584 3471 643 3530 haec
664 3472 834 3546 interpretes.
989 3537 991 3542 ,

294 3621 299 3638 Ι
336 3548 413 3606 Cirta
428 3551 548 3630 patulam
566 3550 687 3628 orbem.)
719 3551 816 3611 Orbem
834 3556 935 3619 vocat}
946 3552 1023 3626 quod
1036 3551 1126 3614 Graeci
1141 3548 1240 3631 period

294 3625 380 3695 dum,
405 3628 507 3693 Latine
525 3628 609 3692 etiam
629 3629 731 3691 dicitur
746 3630 882 3699 ambitus,
902 3629 1047 3701 circuitus,
1064 3628 1239 3694 οἰιιιιιιιίιιί·1

293 3705 361 3781 prio.
402 3707 495 3772 Cicer.
512 3710 542 3768 iit
555 3716 643 3781 ‚orae
662 3708 692 3769 in
711 3710 872 3778 Tucidide,
890 3713 990 3772 orbem
1013 3709 1145 3772 orationis
1167 3706 1254 3774 defi-2

293 3785 373 3844 dero.
407 3788 498 3852 Idem.
512 3811 538 3867 3.
569 3795 644 3850 orat.
668 3808 754 3867 quum
783 3789 955 3860 circuitum,
978 3791 1011 3854 δι
1037 3790 1111 3871 quali
1137 3795 1238 3855 orbem

293 3865 447 3927 verborum
469 3866 607 3930 conficere
631 3889 687 3930 non
708 3867 820 3946 pollent.

291 3941 310 4013 l,
332 3947 405 4003 Unde
417 3949 506 4026 pedem
522 3948 657 4029 refferre.)
685 3947 809 4009 llefferte
826 3948 939 4028 duplice
957 3949 995 4019 ff,
1010 3949 1162 4031 legendum
1180 3948 1238 4018 esti

290 4036 321 4088 ut
342 4039 420 4089 notat
436 4028 541 4093 Lamb.
558 4029 635 4108 quod
654 4029 688 4103 dt
711 4030 860 4095 Turnebus
878 4036 1033 4113 approbat,
1052 4033 1086 4095 dt
1102 4048 1169 4094 anre
1180 4049 1238 4172 &a

355 4117 367 4130 ⁶
1134 4118 1179 4173 Ac
1200 4110 1237 4178 ’τ
