2859 4709
312 465 370 521 na
392 461 504 520 stru
527 434 688 518 Oanis.
728 442 801 516 Lib.
816 445 883 516 m.
906 444 945 518 C.
959 459 1017 516 10.
1119 454 1188 539 593

203 567 324 666 elagus
336 573 408 664 .(ut
423 572 542 666 Nepos
563 569 731 662 affirmat)
757 570 872 644 Gades
894 566 999 662 usque
1014 565 1191 659 perverlus

205 666 260 748 ll,
294 669 370 743 ideo
403 667 474 762 ejus
506 694 575 742 orae
602 686 680 740 nota
710 667 783 740 sunt
807 663 924 760 aliqua.
970 668 1054 739 Sunt
1083 682 1194 739 autem

206 785 273 836 rans
291 789 329 838 ea
352 790 426 860 quoe
447 769 550 840 modo
576 761 700 838 deserta
720 763 982 851 diximus,'muri
1003 763 1120 856 populi
1133 809 1143 846 ,
1158 750 1195 826 &
1228 822 1230 827 .

208 859 310 954 ¹uibus
327 887 390 955 pro
414 862 550 958 etoquio'
573 869 672 936 nutus
692 860 757 944 est,
781 862 832 935 alii
859 861 925 934 sine
948 859 1029 936 sono
1053 860 1197 956 linguar

208 957 244 1029 lii
267 957 332 1032 fine
354 960 502 1057 linguis,
525 961 580 1034 alii
606 958 826 1033 labris-etiam
850 959 1201 1045 cohaerentibus,‚nili

209 1053 283 1150 tubd
302 1054 361 1132 sub
385 1057 516 1133 naribus
537 1059 638 1132 etiam
664 1055 769 1128 fistula
794 1056 862 1136 est,
881 1080 942 1152 pgr
957 1081 1058 1155 quam
1080 1055 1205 1167 biberg'e

211 1176 302 1225 venae
316 1155 467 1229 calamis:
481 1153 518 1230 δι
530 1179 637 1248 quum
655 1154 781 1226 lnceffil
793 1154 897 1229 libido
912 1157 1084 1253 vescendi,
1098 1181 1204 1254 grana

211 1247 316 1346 lugula
329 1251 468 1349 frugum
484 1250 598 1342 paffim
619 1272 641 1319 η
674 1251 818 1343 centium
836 1252 1011 1327 'absorbere'
1035 1254 1207 1329 dicuntur.

215 1365 273 1420 unt
288 1351 407 1444 quibua
425 1344 645 1435 anreadveut'
706 1339 842 1437 Eudoxi
858 1350 942 1425 adeb
962 1350 1097 1449 ignotus
1112 1350 1209 1450 ignia

214 1445 285 1525 rit,
317 1446 470 1535 adeoque
495 1438 572 1511 usus
602 1437 728 1509 mirum
751 1447 785 1516 in
808 1452 951 1525 modum
984 1452 1133 1532 nlacuit,
1151 1440 1209 1517 lut

215 1539 348 1634 mplebii
380 1542 480 1613 etiam
512 1534 692 1612 flammas,
717 1529 754 1605 &
784 1528 939 1632 ardentssll
968 1529 1038 1608 fissu
1051 1522 1208 1625 ‘brein

216 1659 302 1711 onec
321 1652 475 1716 noceret,
497 1632 644 1705 maxime
669 1625 810 1715 libuerit,
856 1639 973 1735 smper
998 1656 1058 1704 eos
1076 1592 1209 1727 grlndir
1253 1672 1255 1676 ·

217 1728 359 1805 ttoribus
379 1733 487 1806 flexus
513 1731 677 1830 grandem
704 1727 859 1837 ipsulamf'
880 1727 1046 1812 includit,
1086 1732 1119 1801 in
1145 1761 1209 1829 qua

216 1826 322 1901 antirm
345 1828 501 1904 foeminar
523 1823 587 1913 elie
611 1849 756 1918 narrant,
779 1857 792 1911 t
827 1825 863 1894 t0
886 1849 1029 1917 corpore
1048 1825 1209 1923 hirsutas,

217 1923 325 2002 tssne
358 1927 451 2001 coitu
478 1924 622 1999 marium
659 1920 714 1996 sua
734 1868 857 2015 tpcltlte
882 1923 1087 2009 foecundas,
1123 1928 1210 2003 adeb

218 2022 315 2116 specis
336 2021 507 2121 efferilque
527 2020 701 2115 moribus,
726 2038 764 2094 ut
780 2037 884 2112 captae
904 2025 1067 2097 contineri
1094 2051 1137 2097 ne
1158 2053 1211 2100 re-

219 2120 365 2194 rrlentur
389 2121 447 2195 vix
472 2119 613 2195 vinculis
644 2117 766 2213 poffirt‘
786 2164 798 2204 ,
822 2117 889 2191 hoc
922 2119 1049 2243 Harupo
1077 2125 1215 2211 retulit,

219 2217 237 2292 't
261 2216 338 2311 quia
363 2219 507 2292 detracta
532 2215 647 2291 occifir
672 2217 764 2289 coria
796 2217 977 2309 pertulerat
995 2240 1006 2299 ,
1021 2219 1115 2292 fides
1145 2223 1211 2292 ha·

220 2313 267 2385 ita
290 2311 347 2385 est.
376 2315 481 2390 ‘Ultra
507 2313 596 2388 hunc
621 2312 728 2387 finum
757 2338 855 2387 mons
887 2316 971 2389 altus
997 2316 1065 2405 (ut
1095 2320 1212 2395 Graeci

221 2413 345 2503 ocant)
372 2409 439 2483 orb
464 2417 588 2505 ἴχιμα,
612 2411 782 2504 perpetuis
803 2411 937 2507 ignibus
965 2412 1101 2510 flagrat:
1128 2420 1213 2489 ultra

222 2525 352 2580 uontem
385 2513 470 2585 viret
500 2511 594 2586 collis
623 2510 729 2605 longo
764 2512 871 2583 trabiu
901 2511 1013 2606 longis
1045 2513 1214 2597 littoribus

223 2602 392 2689 beluino,
407 2611 496 2680 unde
514 2607 660 2681 visuntur
675 2620 825 2701 patentes
840 2607 950 2703 magis
965 2606 1097 2699 campi,
1112 2633 1214 2703 quam

223 2718 241 2772 r
274 2700 417 2796 prospici
452 2707 597 2798 possint,
628 2706 782 2785 Panum,
812 2706 1102 2799 Satyrorumque:
1136 2709 1215 2778 hinc

224 2797 322 2891 ,pinio
347 2824 385 2872 ea
411 2800 515 2877 fidem
539 2803 652 2895 cepit,
675 2805 768 2898 quod
794 2828 874 2875 cum
895 2802 930 2873 in
955 2800 1006 2876 his
1026 2801 1107 2873 nihil
1137 2806 1216 2876 culti

225 2894 263 2980 it,
288 2897 386 2970 nullae
409 2896 626 2974 habitantium
648 2901 768 2983 sedes,
791 2902 879 2972 nulla
894 2899 1216 2996 vestigia,solitudo

225 3015 244 3061 n
269 2994 357 3067 diem
389 2995 508 3076 valla,
532 2997 569 3074 δε
599 2995 766 3071 silentium
798 2997 944 3093 uastius,
977 2999 1078 3072 noete
1109 2999 1220 3068 crebri

226 3111 304 3183 gnes
325 3093 449 3168 micant
467 3093 622 3171 &veluti
646 3095 746 3166 callra
770 3094 834 3164 late
855 3094 1011 3184 jacentia,
1036 3095 1219 3166 ostendun-

226 3209 273 3258 ur.
314 3187 463 3284 Crepant
486 3193 650 3290 Cymbala
675 3191 712 3267 ὁ(
737 3193 940 3288 Tympana,
972 3193 1219 3284 audiunturque

227 3281 299 3354 ibiae
323 3282 473 3363 sonantes
495 3290 602 3383 majus
624 3287 787 3361 humanis.
828 3289 931 3362 Tunc
953 3287 1064 3365 rursus
1082 3291 1220 3364 AEthio-

227 3403 294 3464 res,
320 3407 382 3458 nec
410 3387 476 3482 jam
502 3386 586 3459 dites
605 3431 624 3470 „
641 3403 678 3457 ut
709 3384 743 3456 hi
772 3411 856 3481 quos
882 3388 1051 3468 diximus,
1086 3411 1147 3457 nec
1177 3385 1221 3455 ita

228 3482 412 3576 :otporihus
425 3483 561 3564 ssmiles,
575 3482 630 3554 sed
645 3484 793 3555 minores
807 3483 987 3576 incultique
1003 3485 1097 3566 lunt,
1108 3484 1145 3555 δι
1158 3505 1204 3553 no

228 3571 306 3645 nine
335 3577 515 3675 Hesperio.
556 3581 599 3651 In
627 3580 748 3654 horum
772 3580 894 3657 finibus
919 3582 994 3654 fons
1022 3581 1093 3662 ell,
1120 3600 1209 3673 quet·

228 3668 290 3776 ttiti
308 3675 373 3744 elle
395 3681 501 3775 aliqua
521 3697 612 3771 parte
634 3677 794 3751 credibile
814 3679 881 3764 eil,
904 3677 1045 3752 Nulurh
1065 3679 1107 3751 ab
1127 3681 1233 3748 inco-¹

229 3787 254 3835 ts
277 3768 415 3844 dicitur:
442 3779 480 3852 tlt
505 3778 612 3849 videri
634 3776 742 3866 potest
766 3800 833 3848 non
859 3778 923 3851 alio
942 3783 1077 3849 nomine
1101 3775 1223 3868 appel·

229 3866 303 3944 ari,
329 3867 382 3942 sed
404 3871 421 3945 i
445 3872 586 3948 barbaro
611 3899 670 3948 ore
696 3893 891 3968 corruptus:
922 3876 976 3948 alit
1003 3876 1040 3952 ὁ(
1071 3871 1224 3956 flumen,

229 3958 254 4035 lt
281 3966 407 4042 minora
432 3972 568 4063 quidem
593 3973 742 4071 ejusdem
772 3992 882 4047 tamen
913 3977 1046 4069 generis
1073 3972 1227 4044 animalia

229 4064 379 4161 gignens,
400 4069 468 4140 aliis
489 4069 641 4146 amnibus
663 4073 697 4143 in
722 4096 897 4153 oceanum
912 4071 1176 4167 vergentium,
1192 4064 1257 4127 lb·

238 4167 598 4270 ·ouanorroper.
624 4172 806 4250 nomm.
961 4172 1038 4262 uu
1220 4149 1264 4214 b*
