2859 4709
415 442 908 539 tnNnunrc1n:
1083 468 1155 543 421

163 570 194 643 it
224 562 365 663 Sympos.
415 568 498 638 Sunt
524 587 627 637 aurem
660 567 759 636 multa
791 590 984 662 organorum
1015 571 1154 648 batam

163 667 313 744 stamina,
332 659 415 756 ficut
441 662 557 736 Strabo
583 684 721 741 narrat,
746 664 828 734 inter
854 690 925 759 quae
953 664 1048 736 nabla
1076 696 1154 763 quo·

163 785 220 857 que
246 780 499 838 enumerantur,
529 759 565 829 id
591 755 658 853 tsl,
685 757 853 845 Psalteria.
879 763 920 836 tiu·
946 758 1043 850 infra.
1080 770 1155 837 Ne.

163 861 215 943 uel
246 861 259 942 (
269 859 322 927 nit
343 856 488 930 Salomon
501 877 502 880 ’
515 856 652 947 Gallus)
684 858 768 926 idem
795 853 837 950 est
863 861 949 951 quod
973 859 1154 944 Psalteria,

163 956 197 1027 id
223 949 290 1047 esi,
320 952 531 1042 Psaltcrium,
563 950 603 1024 (θ’
626 953 660 1023 in
686 952 785 1041 Esaia
820 953 938 1049 legitur
970 956 1155 1036 Navel,d

182 1076 222 1122 uo
243 1053 354 1124 Graeca
371 1047 482 1145 figura
509 1046 663 1127 Naulon,
689 1050 764 1120 inde
791 1051 961 1127 Naulion,
985 1051 1045 1121 ltoc
1071 1056 1155 1127 Ovi.

163 1074 315 1223 ffianum
346 1143 387 1218 Θ*
415 1144 522 1243 paullo
542 1138 633 1238 pasl:
661 1147 810 1240 Denique
832 1146 983 1235 kGenialia
1007 1172 1065 1219 cur
1096 1150 1154 1220 di·
1231 1204 1233 1209 .

163 1245 247 1316 tierit
274 1242 444 1319 Ovidius,
474 1264 515 1311 est
548 1241 691 1312 oratione
726 1244 913 1337 Scipionis,
942 1266 1036 1337 quam
1062 1248 1155 1340 ponit

163 1339 352 1427 Macrobius
389 1335 444 1409 lib.
488 1391 497 1417 .,
529 1353 597 1428 cap.
619 1355 674 1427 14.
723 1340 831 1410 Satur.
864 1342 1012 1437 cognosci
1040 1340 1153 1437 potest.

163 1436 328 1509 Docentur
348 1430 457 1530 prasi
481 1435 530 1504 ias
557 1429 764 1527 inhonestas:
792 1461 860 1507 cum
884 1437 1077 1519 cinaedulis,
1111 1439 1152 1512 (9¹

163 1532 328 1617 sambuca,
340 1530 551 1625 psalterioque
572 1551 646 1599 eunt
672 1532 705 1600 in
729 1530 838 1603 ludum
856 1528 1059 1626 ltssrionum:
1087 1537 1153 1623 dis-

163 1649 236 1701 tune
261 1641 403 1700 cantare.
452 1620 642 1716 Ambrosius
664 1626 717 1698 lil.
732 1648 766 1717 3.
790 1627 829 1700 de
853 1630 993 1699 utilitate
1010 1633 1150 1724 jejunii:

163 1724 312 1821 psalteria
338 1722 426 1795 docet
451 1721 595 1793 adhiberi
620 1723 800 1806 conuiuiis,
827 1744 864 1795 ut
891 1723 1041 1797 libidines
1069 1729 1151 1802 inti-

163 1842 281 1893 tenrur.
329 1817 416 1890 Haec
442 1818 510 1890 itte:
804 1896 806 1903 ,
1162 1888 1165 1893 ,

209 1918 251 2002 ic.
269 1918 348 2009 172.
372 1916 510 1987 Dulcior
531 1913 588 1986 ille
600 1915 746 2012 slatus.)
770 1912 913 2009 Elegans
933 1939 971 1986 or
998 1916 1080 1987 anisi
1100 1920 1152 1990 in·

163 2010 332 2084 strumenti
360 2009 557 2105 descriptio,
590 2011 683 2105 cnjus
707 2009 744 2084 δί
766 2010 859 2081 chori
883 2013 948 2082 viti
985 2015 1152 2088 tudinibus

163 2108 291 2183 alternis
313 2107 425 2201 psalmi
448 2125 625 2190 canuntur,
651 2105 835 2200 descriptio.
875 2108 1017 2180 Novum
1039 2110 1153 2182 inuen-

163 2204 232 2278 tum
248 2204 313 2284 est,
328 2202 397 2291 &i
423 2207 563 2301 Syringe
584 2203 696 2298 stipata
710 2202 747 2278 ἅ
767 2203 940 2296 frequente
960 2205 1152 2279 dedudlnnr.

163 2304 322 2377 Graecum
348 2303 388 2370 de
412 2297 477 2374 hoc
500 2300 715 2373 instrumento
736 2301 942 2396 epigramma
964 2301 1041 2373 fecit
1060 2305 1150 2376 Poli-

163 2399 273 2469 tianus.
315 2397 432 2469 Latine
456 2396 508 2467 stc.
534 2398 587 2471 lib.
606 2415 635 2489 ς.
662 2394 749 2493 episi.
826 2408 828 2413 '

209 2499 344 2583 AEreum
352 2491 699 2588 fistularumconspicio
714 2496 874 2566 ordinem:
879 2493 939 2580 sed
952 2486 1022 2589 quis
1034 2499 1069 2569 in
1082 2497 1151 2595 ipso

254 2588 362 2687 Efficit
384 2593 507 2663 occulte
532 2591 730 2678 multisonum
741 2587 932 2687 strepitum?

208 2690 262 2768 Is,
282 2689 337 2780 qui
357 2688 430 2757 citis
452 2687 580 2779 uiciffim
601 2709 702 2758 motos
726 2689 848 2784 digitos
863 2687 983 2780 palmis

258 2783 393 2870 Versat,
417 2785 627 2878 tremulasque
648 2785 797 2877 utrinque
820 2785 925 2878 agitat
946 2781 1098 2861 rabellus,

206 2884 274 2956 snt
296 2878 501 2977 dispersarum
526 2884 609 2953 unde
631 2880 689 2975 ipsi
709 2901 833 2950 rantum
854 2901 969 2974 agmen
981 2879 1149 2974 flatuum!

254 2981 333 3049 Non
353 2975 443 3048 vides
458 2974 560 3066 solles
579 2982 724 3070 geminas
737 2971 941 3060 ¹retrorsum?

207 3092 286 3167 177.
311 3077 453 3144 Antrum
485 3073 704 3162 Phoebados.)
740 3072 884 3143 Phoebas
919 3065 985 3142 erat
1012 3071 1067 3142 illa
1091 3070 1150 3141 Si-

163 3168 271 3267 bylla,
298 3193 370 3258 quae
394 3167 534 3252 Cumis,
563 3171 596 3238 id
622 3168 695 3244 est,
727 3168 758 3237 in
782 3189 874 3239 antro
900 3166 1051 3238 Euboico
1074 3169 1152 3236 red-

163 3265 257 3336 debat
272 3266 424 3336 Oracula.
452 3267 557 3358 Cujus
570 3261 819 3337 Enthasasman
833 3260 983 3334 describit
996 3266 1107 3333 Poeta.
1117 3261 1149 3334 6.

163 3363 295 3432 AEner'd.
335 3361 377 3434 Et
403 3361 458 3432 lib.
473 3385 504 3454 3·
533 3363 633 3432 dicit:
977 3390 980 3398 ·

206 3459 352 3543 Insanum
373 3479 478 3531 uatem
500 3461 649 3558 aspicies,
669 3482 739 3553 quae
763 3476 840 3553 rupe
856 3452 918 3542 sub
944 3456 1008 3526 ima

206 3555 285 3624 Fara
310 3557 406 3626 canit.
923 3615 925 3619 .

163 3648 199 3720 sd
218 3649 286 3726 esi,
307 3650 404 3721 sonus
425 3649 600 3747 grandior,
622 3650 678 3741 qui
700 3674 743 3718 en
768 3642 956 3741 pectoribus
976 3643 1151 3735 positarum

163 3748 320 3839 erumpit,
344 3767 448 3820 tantus
475 3745 540 3830 est,
564 3766 702 3840 quantus
724 3745 786 3815 fuit
810 3743 928 3817 Cumis
950 3740 1151 3835 Sibyllinus:

163 3866 258 3933 quern
286 3867 394 3935 neque
424 3842 531 3918 rubae·
550 3842 710 3914 horrisoni
741 3841 859 3914 Martis
893 3836 1051 3908 vincant:
1090 3861 1151 3908 nec

163 3939 250 4021 lovis
279 3941 445 4012 tonitrua:
472 3963 532 4010 nec
558 3941 655 4013 etiam
683 3940 861 4030 pinnorum
890 3932 979 4004 sibila
1002 3934 1036 4002 in
1062 3929 1151 4004 Ossae

163 4035 279 4111 nomia
314 4038 507 4112 cacumine:
536 4057 590 4121 aut
624 4035 747 4109 ruentis
777 4032 849 4106 Nili
879 4029 1067 4115 catutaslae,
1096 4029 1154 4137 qni

263 4163 266 4177 ·
659 4133 727 4206 Dd
754 4151 771 4225 3
1052 4148 1157 4213 meum
