2859 4709
254 409 330 501 ιω
429 400 1050 487 ·RVmaBmuwm
1135 508 1139 518 1

251 534 324 631 Ipse
344 528 406 622 seb
423 529 457 603 in
476 532 579 625 pratis
604 531 687 603 aries
704 531 777 626 jam
789 529 896 618 suave
917 527 1046 600 rubenti

252 632 406 706 Murice,
424 630 494 722 sam
520 651 629 701 croceo
659 627 794 698 mutabit
815 626 937 700 velina
964 627 1053 698 luco:

251 722 372 823 Sponte
388 722 453 808 sua
468 722 591 810 sandica
614 724 781 819 pascentes
802 719 911 818 vestiet
934 747 1050 818 agnos.

207 876 211 880 -
253 826 354 898 Talia
368 822 492 910 sacia,
506 822 577 908 suis
605 821 781 903 dixerunt,
808 821 928 904 currite
947 815 1056 910 susiss

254 923 436 996 Concordes
451 914 573 1012 saban·
589 915 738 1006 satorum
759 917 886 988 numine
904 917 1032 988 Parcae.

232 1016 452 1113 ¹Aggreiere
477 1008 495 1085 b
521 1037 655 1108 magnos
679 1013 805 1105 (aderit
815 1015 889 1106 jam
912 1012 1062 1107 tempus)
1086 1006 1231 1084 bonores.

253 1119 340 1188 Cara
367 1116 460 1186 deum
472 1108 623 1200 soboles,
649 1135 799 1206 magnum
822 1109 919 1188 Iovis
936 1111 1176 1182 incrementum.
1253 1172 1261 1178 ,,

256 1210 401 1306 Adspice
426 1229 570 1284 convexo
594 1227 759 1277 nutantem
779 1211 919 1299 pondere
943 1207 1124 1280 mundum‘s

255 1307 452 1398 Terrasque‚
479 1299 657 1397 crassusque
680 1304 804 1382 maris,
829 1302 996 1397 caelumque
1012 1295 1229 1396 profundunt

256 1402 419 1499 Adspice,
440 1421 578 1470 venturo
600 1403 751 1469 iaecancur
774 1419 809 1469 ut
832 1400 938 1469 omnia
954 1399 1064 1486 saeclo.

253 1504 291 1574 O
312 1498 388 1569 mibi
411 1515 475 1564 tam
502 1498 607 1590 ionga
629 1517 754 1566 maneat
774 1514 853 1590 pars
877 1496 993 1567 ultima
1012 1492 1113 1575 vird,

238 1595 396 1690 ‘Spiritus
418 1589 479 1672 (5,
503 1613 654 1686 quantum
662 1591 718 1677 sat
740 1593 801 1662 erit
822 1613 880 1663 tua
903 1592 1009 1663 eiicere
1023 1589 1130 1681 sabia.

192 1756 195 1764 ,
254 1697 336 1768 Νοη
360 1711 409 1759 me
430 1687 623 1759 carminibus
645 1688 752 1760 vincet
773 1712 831 1759 nec
853 1689 1016 1761 Thracius
1040 1690 1213 1784 Orpheus,

226 1796 228 1801 ⁴
253 1793 332 1867 Nec
345 1786 468 1857 Linus:
484 1785 558 1855 huic
572 1797 674 1871 mater
687 1787 853 1879 quamvis,
870 1805 964 1879 atque
982 1787 1055 1858 huic
1066 1807 1164 1882 pater
1178 1776 1260 1873 arist

232 1905 235 1912 ·
258 1884 385 1979 Orphei
407 1879 591 1976 Calliopea,
614 1882 701 1951 Lino
716 1877 881 1968 sormosus
899 1883 1033 1978 Apollo.

257 1977 451 2056 Panaciam
471 1976 619 2052 Arcadia
639 1999 759 2048 mecum
778 1973 810 2070 si
828 1979 942 2070 judice
968 1999 1083 2064 certes,

258 2080 332 2153 Pan
355 2076 450 2151 etiam
472 2074 621 2146 Arcadia
644 2074 732 2143 dicat
744 2071 784 2159 se
801 2075 915 2166 jndice
938 2074 1068 2146 vibium.

257 2174 394 2266 Incipe,
415 2187 516 2262 parve
536 2189 630 2267 puer,
650 2167 715 2255 risu
738 2169 924 2264 cognoscere
946 2194 1093 2243 matrem.

258 2269 370 2341 Matri
391 2268 491 2364 ionga
514 2269 619 2339 decem
641 2266 786 2338 tulerunt
801 2262 940 2361 fastidia
964 2270 1091 2356 menses.
1141 2298 1144 2303 ·

258 2365 390 2459 Incipe,
415 2381 518 2458 parve
539 2385 638 2459 puer,
662 2364 713 2436 cni
740 2385 803 2433 non
826 2363 922 2449 risere
943 2381 1118 2458 parentes,

258 2460 333 2541 Nec
352 2464 445 2538 Deus
467 2460 548 2534 bunc
573 2457 697 2548 mensa,
720 2461 796 2532 Dea
819 2483 877 2540 nec
900 2460 1038 2556 dignata
1059 2461 1156 2554 cubili
1180 2456 1236 2556 esi.

450 2659 453 2666 ’
549 2646 974 2724 ECLOGAV.

399 2777 793 2863 Messanam
844 2781 1123 2877 Moesus

262 2932 372 3004 CUR
390 2956 475 3012 non,
488 2932 603 3029 Mopse
618 2933 712 3023 (boni
724 2936 868 3032 quoniam
883 2939 1088 3012 convenimus
1100 2938 1211 3023 anba,

262 3028 317 3101 Tu
341 3031 479 3101 calamos
499 3032 616 3126 inflare
636 3034 745 3115 leues,
770 3057 829 3126 ego
851 3036 957 3106 dicere
983 3037 1125 3130 versus)

261 3123 328 3197 Hic
350 3128 467 3196 torulis
491 3132 608 3198 mixtas
632 3130 715 3199 inter
738 3129 934 3214 consedimus
959 3132 1081 3216 ulmos,

175 3272 178 3277 -
260 3220 337 3292 Mo.
362 3222 416 3293 Tu
428 3224 550 3316 major:
566 3224 687 3295 sibime
702 3221 743 3320 esi
760 3249 883 3320 aequum
899 3244 1039 3320 parere,
1057 3229 1235 3302 Menalca:

218 3318 341 3389 ⁶Sive
357 3315 419 3403 sub
442 3320 581 3391 incertas
605 3321 757 3416 zepburis
781 3325 975 3397 motantibus
999 3326 1148 3402 umbras,

259 3414 338 3486 Sive
359 3435 453 3484 antro
474 3415 581 3511 potius
596 3413 815 3501 succedimus:
836 3418 964 3516 adspice
985 3445 1022 3493 ut
1043 3445 1173 3496 antrum

260 3505 426 3604 Silvesbris
449 3515 532 3583 raris
543 3510 660 3606 sparse
683 3515 825 3601 labrusca
851 3519 996 3589 racemis.

258 3605 333 3677 Me.
363 3608 532 3680 Montibus
553 3611 588 3678 in
605 3605 721 3704 ntrsiris
736 3609 828 3697 solus
849 3613 910 3683 tibi
932 3635 1034 3688 certat
1053 3619 1235 3698 Amuntas‚

259 3700 338 3772 Mo.
363 3702 455 3796 Quid
471 3702 502 3799 fi
526 3703 608 3776 idem
633 3726 730 3779 cerret
751 3709 904 3780 Phoebum
917 3708 1073 3804 superare
1096 3713 1259 3789 canendos

259 3795 336 3867 Me.
359 3802 470 3896 Incipe
493 3800 630 3898 Mopse,
643 3805 753 3899 prior,
761 3803 792 3900 fi
811 3830 888 3900 quos
907 3827 962 3877 aut
982 3809 1147 3884 Pbubiibis
1165 3812 1264 3907 ignes.

258 3897 333 3962 Aut
352 3896 492 3970 Alconis
517 3900 610 3970 babes
639 3898 767 3980 laudes,
795 3923 850 3972 aut
867 3904 984 3999 jurgia
1002 3905 1112 3981 Codri.

259 3989 386 4086 soene:
410 3995 576 4089 pascentes
588 3996 734 4090 seruabis
760 3995 897 4077 Titurus
923 4002 1039 4077 nanos.

1176 4096 1260 4219 Mo
