2859 4709
547 356 834 433 rulers.
1118 386 1192 465 207

180 492 267 570 Nec
293 488 364 569 satis
388 488 512 563 utiliter
537 488 659 580 positos
685 492 744 563 ribi
764 490 905 585 praebuit
933 492 1048 589 ignes,

234 593 353 682 Quem
380 591 508 679 peperit
534 612 658 683 magno
683 589 793 661 lucida
820 591 912 662 Maia
941 594 1040 674 Jove.

183 689 243 762 Te
269 688 338 758 fera
364 686 585 777 nequicquam
609 687 776 776 placidum
801 685 994 778 spondentia
1014 689 1132 764 Marus

235 786 350 855 Sidera
376 779 582 873 prellerunt,
607 781 813 872 falciferique
838 783 928 855 senis.
1087 851 1091 867 .

184 879 266 954 Lux
291 903 429 974 quoque
455 876 568 949 natalis
593 879 662 967 (ne
689 879 768 970 quid
794 878 853 951 nifi
874 878 964 952 triste
992 882 1148 978 videres)

234 979 384 1068 Turpis,
407 976 444 1050 δι
469 974 611 1046 indubiis
634 973 779 1046 nubibus
802 998 870 1048 atra
895 976 970 1048 fuit.

184 1071 275 1149 Haec
302 1070 349 1144 est
373 1074 406 1142 in
432 1072 540 1150 fallis,
565 1071 619 1142 cui
648 1074 700 1141 dat
726 1074 837 1165 gravis
865 1073 952 1145 Allia
978 1099 1127 1159 nornen,

236 1172 395 1262 Quaeque
420 1171 488 1240 dies
506 1169 585 1239 Ibin
610 1168 743 1258 publica
766 1172 884 1241 damna
906 1171 993 1242 tulit.

189 1267 263 1358 Qui
288 1263 382 1339 simul
406 1262 539 1355 impur'e
568 1269 678 1337 matris
707 1267 881 1358 prolapsus
902 1266 943 1337 ab
967 1269 1043 1342 alvo
1066 1269 1135 1358 etl,

240 1361 567 1456 Cinyphiamrfoedo
595 1385 737 1451 corpore
763 1364 873 1454 preffit
899 1363 1056 1439 humum.

191 1460 282 1531 Sedit
308 1462 340 1529 in
364 1459 501 1531 adverso
530 1460 711 1530 uobiurnus
738 1460 883 1530 culmine
906 1459 1024 1543 bubo,
1061 1534 1067 1547 ,

237 1557 460 1651 Funereoque
489 1579 606 1651 graves
632 1557 736 1624 edidit
757 1566 815 1626 nr'e
840 1555 950 1630 sonos.

191 1655 353 1726 Protinus
376 1654 581 1725 Eumenides
607 1652 715 1721 lavere
743 1651 940 1742 palustribus
962 1657 1079 1747 undis,

243 1752 329 1840 Qua
353 1773 431 1820 cava
455 1751 494 1821 de
519 1748 647 1844 Stygiis
673 1743 811 1819 fluxerat
832 1752 917 1823 unda
937 1756 1038 1827 vadis.

192 1846 403 1939 Petdoraque
425 1867 589 1918 unxerunt
618 1845 758 1917 Erebeae
782 1845 859 1917 felle
883 1849 1053 1935 colubrae,

243 1942 383 2035 Terque
408 1962 591 2017 cruentatas
617 1944 814 2031 increpuere
840 1968 968 2018 manus.

194 2043 409 2131 Gutturaque
437 2040 630 2114 imbuerunt
660 2038 792 2109 infantia
819 2039 903 2111 labie
930 2040 1070 2128 canino,

241 2135 312 2206 Hic
339 2136 465 2226 primus
487 2137 581 2229 pueri
602 2137 690 2207 venit
716 2138 749 2206 in
771 2159 829 2207 ora
854 2137 960 2212 cibus.

196 2232 344 2307 Perbibit
373 2236 449 2305 inde
474 2233 539 2306 suae
562 2232 688 2304 rabiem
721 2230 857 2307 nutricis
882 2235 1058 2320 alumnus,

243 2330 415 2405 Latrat&
443 2331 476 2400 in
502 2348 588 2417 toto¹
604 2328 705 2422 verba
733 2328 846 2402 canina
873 2331 964 2407 foro.
1019 2412 1021 2421 ,

196 2425 421 2520 Membraque
444 2429 620 2501 vinxerunt
643 2426 753 2497 riaetis
777 2427 947 2522 ferrugine
972 2432 1110 2525 pannis,

245 2527 276 2592 A
301 2524 387 2596 male
412 2522 541 2596 deserto
568 2548 653 2617 quos
679 2547 818 2612 rapuere
845 2548 944 2620 rogo.
974 2609 976 2613 ¹

196 2620 239 2691 Et
266 2643 307 2690 ne
331 2646 398 2694 non
423 2620 548 2693 fultum
576 2623 662 2692 nuda
687 2620 805 2692 tellure
825 2620 974 2715 jaceret,

218 2716 355 2788 Molle
381 2717 476 2810 super
501 2715 605 2789 filices
629 2714 818 2807 imposuere
844 2737 954 2809 caput.

194 2810 340 2905 Jamque
366 2815 534 2889 recellurae
560 2813 657 2887 viridi
686 2814 727 2883 de
748 2811 855 2906 stipite
876 2814 980 2889 fretas
1042 2890 1045 2897 ,

247 2911 437 2983 Admorunt
461 2912 567 2997 oculis
592 2907 695 3002 usque
719 2907 779 2980 lub
806 2935 862 2982 ora
884 2913 980 2984 faces.

193 3004 333 3086 Flebat,
355 3026 393 3078 ut
416 3007 460 3079 ell
481 3008 584 3080 fumis
610 3007 715 3077 infans
741 3009 913 3081 contaetus
940 3015 1070 3087 amaris.

243 3104 301 3174 De
322 3101 427 3176 tribus
448 3105 494 3175 ell
518 3129 621 3198 quum
643 3101 685 3173 lic
709 3128 772 3174 una
794 3103 906 3179 locuta
933 3105 1043 3182 soror:

192 3199 351 3289 Tempus
376 3202 408 3271 in
427 3199 624 3273 immensum
642 3198 826 3294 lachrymas
847 3201 905 3274 tibi
928 3207 1084 3280 vovimus
1105 3204 1202 3286 illas,

244 3299 336 3389 Quae
359 3298 487 3388 semper
509 3295 613 3369 caulla
638 3294 819 3368 sufficiente
844 3301 970 3372 radent.

193 3393 354 3475 Dixerat,
378 3393 415 3467 ὃ(
445 3394 572 3467 Clotho
601 3392 687 3486 justit
712 3395 863 3482 promilla
889 3398 1023 3478 valere,

244 3489 352 3563 Nevit
377 3490 413 3564 δ(
439 3491 575 3564 infausta
599 3489 734 3564 stamina
758 3491 847 3580 pulla
874 3518 984 3568 manu.

193 3584 237 3655 Et
264 3612 304 3659 ne
332 3591 435 3683 longa
459 3587 517 3659 suo
543 3587 697 3684 praesagia
724 3588 847 3657 diceret
871 3614 952 3670 orer

244 3681 323 3755 Fata
345 3703 439 3755 canet
463 3703 552 3758 vates
578 3691 634 3778 qui
661 3705 740 3758 tua,
768 3684 872 3762 dixit,
898 3685 972 3756 erit.

192 3775 262 3849 Ille
286 3802 350 3876 ego
378 3782 448 3855 lum
474 3802 591 3859 vates,
614 3809 657 3855 ex
681 3802 737 3848 tue
762 3796 816 3852 tua
844 3783 979 3852 vulnera
1006 3777 1128 3870 discesj

240 3874 339 3953 Dent
364 3881 469 3954 modo
495 3879 541 3955 dii
565 3880 653 3965 vires
673 3879 706 3951 in
730 3899 806 3949 mea
829 3879 932 3955 verbe
954 3875 1036 3954 luas.
1104 3976 1138 4052 c

1140 4000 1197 4057 dt'.
