2859 4709
261 440 334 536 480
607 435 906 505 Scuoun

358 562 461 638 Non,
479 557 511 655 fi
536 561 658 656 priores
693 562 854 632 Moeonius
884 576 969 630 tenet
1206 574 1210 581 “

355 662 456 731 Sedes
488 661 670 732 Homerus,
694 658 880 729 Pindaricos
903 656 1030 740 tatem,

358 757 516 847 Ceaeque,
541 753 583 829 (7'
608 755 716 824 Alcaei
746 756 904 831 minaces,

355 851 590 945 Stefichort'que
613 874 760 946 graves,
787 852 960 923 Camonae:

335 950 429 1032 ¹Nec
446 972 456 1014 ι
474 943 503 1036 fi
535 949 613 1042 quid
638 949 713 1018 olim
739 946 810 1041 lufit
834 954 1033 1031 Anacreottu

224 1074 229 1083 ·
354 1047 485 1116 Delevit
514 1065 619 1116 aetas:
640 1044 747 1139 spirat
769 1045 873 1115 adhuc
898 1060 1012 1113 amor:

354 1141 393 1216 V
393 1142 542 1235 ivuntque
568 1139 709 1232 commiffl
732 1141 859 1210 colores

354 1239 476 1306 AEoliae
497 1235 620 1324 fidibus
644 1237 770 1335 puellae.

305 1335 348 1418 th·
366 1337 442 1424 598·
468 1329 602 1425 Sustinet
627 1336 753 1428 heroi.)
784 1332 981 1426 Stefichorus
1006 1332 1104 1404 etium
1123 1325 1154 1422 fi
1180 1332 1245 1430 Ly·

257 1428 345 1500 ricus
354 1427 419 1522 fit,
441 1427 461 1502 ci
480 1429 618 1528 Synaefio
632 1434 784 1511 heroicus
805 1453 947 1502 vocatur.
988 1428 1086 1500 Unde
1112 1430 1244 1520 Quintil.

257 1525 329 1595 loco
355 1526 477 1598 citato:
509 1527 706 1620 Stefichorus
740 1554 831 1624 quom
849 1523 894 1620 fit
923 1527 1053 1622 iugenio
1086 1525 1246 1603 Validis,

192 1692 195 1699 ,
256 1625 400 1695 materiae
420 1649 539 1720 quoque
559 1622 756 1718 oflendunt,
769 1628 907 1696 maxima
928 1623 1036 1708 helia,
1060 1624 1104 1699 (J
1127 1621 1244 1713 clorifft·

257 1741 326 1791 mos
355 1746 516 1793 canentem
543 1725 664 1794 duces:
691 1718 733 1796 (ἲ
758 1723 839 1818 epici
865 1722 1014 1793 carminis
1048 1745 1150 1794 onera
1183 1720 1243 1815 lym

247 1813 465 1910 sustinentem.
503 1815 606 1911 Acfi
626 1815 766 1912 tmuiffet
786 1818 1085 1896 mammutium
1110 1813 1242 1888 aemuluri

255 1916 420 2006 proximus
436 1917 608 1988 Homerum
629 1913 771 2010 potuiffe.
796 1933 867 1985 caet.
898 1912 999 2005 listas
1025 1934 1128 1985 antea
1149 1914 1242 1984 nomi·
1262 1926 1284 1937 '

255 2009 412 2088 trahatur,
430 2012 491 2098 sed
513 2008 535 2082 cl
561 2013 649 2084 chori
662 2009 821 2106 statione,
844 2012 948 2084 (lilius
977 2008 1020 2105 est
1046 2008 1241 2105 Stefichorus.
1281 2014 1284 2133 p

255 2103 329 2176 haec
347 2109 482 2180 Suidas:
511 2107 652 2180 Instituit
679 2109 767 2178 enim
784 2109 864 2178 odas
882 2131 939 2198 per
959 2106 1137 2200 &tophum
1154 2106 1240 2176 elmi·
1283 2162 1284 2187 ζ

186 2208 190 2219 “
255 2201 422 2295 ssrophas,
437 2205 473 2278 &
488 2205 619 2295 Epodas
637 2204 810 2276 decantati.
834 2203 974 2295 Strophe
992 2207 1130 2279 dicitur,
1141 2224 1253 2295 quum.
1282 2240 1284 2253 ·

254 2322 316 2389 per
338 2302 460 2394 aliquot
484 2301 602 2374 diverti
628 2302 759 2397 generis
780 2301 921 2372 carmina
951 2301 1108 2394 incipitur
1133 2299 1237 2369 duetus

254 2395 431 2469 saltandih
465 2400 579 2470 dextra
605 2398 637 2470 in
671 2397 826 2470 smistram
850 2400 987 2488 partem.
1036 2392 1239 2484 Antistiophe

253 2517 315 2587 per
334 2498 472 2568 totidem
494 2497 638 2566 carmina
654 2492 799 2567 saltantes
820 2496 956 2566 reducit.
997 2497 1122 2586 Epode
1141 2511 1238 2566 autem

254 2591 452 2678 canebatur,
474 2595 554 2664 dum
577 2592 723 2677 saltantes
745 2590 875 2683 pausam
898 2589 1064 2675 facerent,
1090 2615 1153 2665 nec
1176 2611 1241 2660 mo·

252 2711 432 2765 verentur:
466 2691 502 2765 δ(
531 2689 739 2782 paucioribus
768 2686 915 2761 versibus
940 2689 1119 2762 constabat·
1165 2688 1241 2758 Inde

252 2789 469 2875 proverbium
502 2786 534 2857 in
558 2788 737 2860 indoilos:
764 2788 880 2880 Neque
905 2789 973 2858 tria
994 2788 1122 2883 quidem
1147 2780 1240 2878 Stefi·

253 2883 343 2954 chori
366 2881 457 2979 nrssti
498 2882 554 2955 Est
585 2883 621 2954 ὅ(
653 2881 740 2955 aliud
764 2883 1005 2973 proverbium:
1039 2883 1240 2956 Palinodiam
1283 2892 1284 2901 ’

253 3004 385 3052 canere:
411 2984 502 3072 quod
527 2983 567 3052 ad
591 2978 758 3052 Helenam
780 2978 911 3070 ipeHat.
955 2975 1117 3052 Pausaniae
1143 2977 1239 3050 verbe

252 3074 325 3148 suni
346 3076 415 3147 haec
437 3103 480 3148 ex
502 3076 658 3149 Laconic·
700 3080 892 3177 Leorrymum
910 3078 1170 3149 Crotoniatarum
1188 3074 1240 3145 clu·

252 3198 318 3244 cem
337 3175 454 3245 vulnus
476 3177 567 3244 aiunt
596 3177 630 3246 in
644 3177 777 3268 'peilore
806 3171 827 3244 ὰ
851 3172 1058 3266 Locrenfihus
1080 3175 1192 3269 accepi
1217 3194 1240 3240 e,

167 3286 170 3294 '
252 3274 309 3344 Eu
330 3295 366 3341 eo
387 3297 481 3366 quum
504 3273 702 3345 vehementer
726 3273 904 3352 laboraret,
928 3273 1074 3366 Delphos
1097 3293 1188 3367 opem
1204 3267 1239 3338 ul

251 3371 382 3440 oraculo
414 3371 612 3464 imploratum
643 3369 782 3464 ueniffe:
808 3369 983 3463 responsum
1008 3380 1088 3440 vcr'o
1117 3363 1238 3460 tulrffet

251 3467 297 3539 Si
315 3467 348 3535 in
361 3464 498 3539 Leuceu‘
511 3466 646 3554 insulam
660 3465 824 3562 profeiius
845 3464 937 3559 effer:
962 3467 1104 3559 Ajacem
1125 3467 1156 3535 ei
1172 3462 1236 3536 vul·

249 3565 337 3633 neris
357 3567 526 3638 remedium
547 3562 744 3658 toslensurum.
787 3562 897 3655 Quum
920 3587 997 3635 uero
1014 3563 1089 3654 jam
1114 3580 1238 3633 curatus

221 3730 223 3735 ,
250 3663 440 3755 revertrffet,
465 3663 620 3734 narrabat
638 3661 677 3750 se
696 3662 883 3740 Achillem,
903 3684 965 3730 utto
985 3685 1057 3732 cum
1082 3657 1238 3753 Ajccihus

251 3759 363 3838 Oilei,
386 3759 428 3837 (θ’
454 3760 651 3835 Τιὶωηοηίἰ,
672 3757 712 3832 (7
736 3760 944 3837 Patroclum,
967 3756 1009 3831 Θ
1030 3756 1237 3827 Antilochum

248 3851 366 3946 vidiffe.
405 3857 603 3948 Dicebatque
617 3853 681 3949 Jihi
702 3853 861 3949 mondcffe
881 3856 1040 3926 Helenam
1059 3860 1160 3946 (quae
1179 3851 1240 3944 jam

249 3957 372 4030 Achilli
395 3956 574 4047 nupserat)
599 3975 635 4024 ut
656 3949 833 4044 Stefichoro
861 3955 950 4047 opud
970 3952 1141 4023 Himeram
1162 3969 1238 4020 nuo·

248 4059 368 4141 clarem
388 4055 549 4126 oculorum
565 4053 778 4124 columitatem
796 4049 827 4121 et'
845 4050 884 4121 ob
898 4050 1038 4124 Helenes
1057 4051 1143 4122 iram
1157 4045 1237 4121 ucci-

1091 4216 1093 4221 .
1153 4141 1234 4234 me.
