2859 4709
254 371 329 445 16·
497 369 930 472 Portano'xou
976 380 1009 452 1.
1061 397 1065 406 ·

253 504 342 585 Galli
364 531 540 593 vocantur,
558 510 749 584 virilitatem
770 530 946 607 amputant.
981 505 1075 585 Vide
1097 507 1252 604 Ovid.4.'

251 607 333 697 Rip.
357 630 398 678 ex
423 609 480 678 illo
504 608 601 678 loco:
630 610 698 682 Cur
723 609 827 704 igitur
851 606 1001 686 Gallos?
1018 608 1073 700 qui
1088 606 1128 691 sc
1160 611 1251 679 cxci·

251 700 343 785 dire,
367 729 537 781 vocamus,
559 702 637 775 Ciam
663 726 786 776 tantum
805 703 827 775 d
849 704 997 799 Phrygio
1017 703 1144 776 Gallica
1160 700 1252 799 ἅψει

250 799 386 872 humus?
413 815 521 873 tentor
546 802 634 891 apud
657 804 800 877 Graecos
827 797 939 872 album
962 797 1144 893 significat,
1168 801 1252 871 inde

250 899 427 972 Gallorum
461 919 544 992 gens
574 916 718 978 vocata,
750 898 826 992 qnia
857 897 1052 985 corporibus
1079 896 1160 967 albis
1186 895 1251 969 snt

249 993 391 1087 praediti.¹
424 993 522 1065 Unde
541 991 665 1088 virgil.
686 994 742 1063 lib.
752 996 786 1068 8.
799 991 932 1064 AEnrid.
949 994 991 1062 de
1013 992 1144 1067 Gallis:
1162 994 1249 1067 Tum

248 1092 351 1164 indico
373 1092 456 1163 colla
470 1098 565 1161 Auro
586 1089 797 1161 intenebrat.
836 1089 950 1161 Gallus
965 1088 1090 1160 Latinis
1112 1092 1179 1162 avis
1198 1086 1249 1162 est

248 1208 351 1268 nota,
376 1187 430 1259 sed
456 1190 513 1280 qui
536 1183 651 1258 Latini
676 1184 858 1278 loquuntur
882 1182 984 1253 solent
1008 1187 1152 1265 addere,
1170 1187 1251 1284 gol·

249 1285 410 1364 litoreus,
434 1301 571 1376 propter
591 1279 854 1375 ambiguitatem.
894 1280 1096 1374 Xenophon
1117 1282 1151 1354 in
1175 1287 1248 1358 Ho-

247 1406 297 1453 mo
340 1407 411 1452 mir.

260 1520 264 1527 -
294 1405 336 1572 (Ἦ
356 1473 495 1569 Syllabae
521 1478 680 1568 quantitas
705 1479 794 1569 apud
828 1473 1000 1547 Romanos
1027 1469 1100 1546 satis
1123 1471 1259 1566 super··

247 1597 312 1667 que
337 1572 556 1667 distinguebat
579 1599 700 1644 voces:
723 1575 814 1666 quod
832 1595 917 1653 nos,
935 1569 995 1641 nist
1019 1570 1053 1638 in
1076 1576 1247 1655 carmine,

246 1693 314 1765 non
338 1668 506 1741 sentimusu
542 1668 657 1764 Hujus
681 1672 811 1765 generis
836 1667 909 1739 sunt
932 1667 1072 1765 populus
1098 1691 1159 1762 pro
1183 1694 1247 1740 ar·

246 1765 330 1837 bore
355 1769 463 1858 prima
484 1764 605 1861 longa;
634 1790 697 1859 pro
721 1764 835 1849 turba,
857 1763 965 1837 brevi.
1002 1764 1125 1848 Paro,
1147 1769 1246 1847 udis,

245 1864 350 1954 prima
373 1860 485 1936 brevi:
509 1865 626 1956 palus,
641 1866 672 1946 i,
695 1864 801 1957 prima
817 1863 928 1956 longa.
964 1863 1057 1942 Uter,
1069 1862 1152 1944 tris,
1174 1865 1249 1956 pri·'

245 1984 299 2033 ma
322 1961 440 2056 longa:
469 1979 559 2039 nter,
585 1985 625 2042 n,
652 1984 732 2040 um,
756 1961 860 2049 prima
890 1958 995 2029 brevi.
1042 1959 1149 2030 Labor
1172 1984 1244 2033 no·

244 2080 321 2128 men
352 2059 457 2150 prima
479 2052 595 2138 brevi3
623 2054 786 2135 verbum,
808 2053 920 2149 longa.
957 2055 1055 2136 Colo,
1079 2080 1136 2138 os,
1158 2079 1244 2146 pro-

245 2153 334 2227 ducit
342 2173 355 2240 ;
381 2155 470 2233 colo,
490 2149 540 2246 ii,
563 2150 700 2223 breviat.
737 2152 836 2223 Sinus
860 2174 923 2241 pro
952 2151 1107 2244 gremio,
1125 2152 1245 2227 brevit
1279 2240 1285 2249 ,

243 2273 305 2342 pro
330 2245 426 2329 vase,
447 2250 556 2340 longa.
600 2249 683 2318 Pila·
699 2245 817 2319 lusoria
838 2245 951 2328 brevi,
974 2249 1043 2338 pilu
1064 2272 1126 2339 pro
1148 2273 1244 2321 mor-

244 2347 329 2417 tario
351 2347 469 2438 longa:
496 2344 666 2437 compilare
689 2342 770 2415 verd
794 2340 813 2412 ir
836 2343 926 2413 nullo
951 2340 1073 2413 horum
1094 2346 1244 2430 ducitur,

243 2439 299 2512 sed
330 2439 520 2516 dGraec02
550 2438 629 2509 teste
655 2439 841 2524 Turneb03
869 2462 945 2510 nam
971 2439 1095 2518 norm
1122 2443 1245 2516 AEnles

243 2537 351 2633 furem
378 2555 517 2617 vocant,
538 2535 707 2608 Hesiodus
731 2538 861 2620 pinevii.
901 2533 993 2609 Vide
1020 2537 1096 2619 Jos.·
1117 2541 1247 2636 Scalig.

242 2635 276 2705 in
302 2633 460 2712 Festum,
481 2635 663 2726 compilare.

289 2736 407 2828 Plngae
441 2753 503 2819 pro
533 2728 665 2802 funibus
696 2727 759 2802 illis
794 2726 914 2824 quibus
945 2730 1041 2801 retia·
1058 2734 1245 2807 tenduntur

226 2822 327 2900 lcirca
352 2828 513 2899 summam
535 2827 570 2899 dc
588 2828 686 2894 imam
713 2846 863 2918 partem,
882 2843 937 2896 aut
961 2851 1022 2918 pro
1045 2830 1163 2899 mundi
1186 2854 1242 2901 re-

241 2924 419 3020 gionibun
440 2945 513 3016 quae
533 2918 654 2998 Graecd
676 2921 804 2995 climata
823 2927 992 3002 dicuntur,
1009 2922 1152 3011 breviat3
1174 2951 1243 3016 pro

241 3024 379 3093 vulnere
402 3018 564 3112 producit.
609 3023 728 3103 Anus,
754 3045 816 3114 pro
838 3018 974 3100 vetula,
996 3020 1144 3112 breviat3
1171 3048 1243 3117 pro

240 3118 387 3209 podice,
411 3119 577 3208 producit.

289 3217 337 3288 Or
363 3216 455 3293 oris,
479 3214 566 3283 unde
592 3210 769 3297 osculum,
794 3214 971 3308 producit3
1003 3237 1039 3284 ns
1062 3212 1129 3307 offis
1155 3211 1240 3286 bre·
1284 3274 1287 3289 .

239 3308 316 3383 viat.
352 3310 455 3381 Teste
478 3309 525 3379 D.
538 3310 627 3402 Aug.
652 3312 686 3380 in
710 3309 766 3380 lib.
781 3310 821 3381 de
842 3311 1068 3384 Grammatico.
1082 3312 1117 3384 ὀὶ
1131 3312 1185 3382 lib.
1197 3333 1237 3403 3.
1285 3346 1286 3351 ¹

240 3427 352 3502 cop.3.
379 3401 615 3498 dodrcclrrisl.
651 3406 752 3478 Lucr.
779 3407 833 3477 lib.
851 3428 883 3500 3.
918 3406 1061 3483 uxos&
1076 3410 1241 3507 exanguis

239 3507 379 3583 tumidos
401 3500 596 3599 perfludlunt
624 3524 726 3575 artur.

288 3618 319 3695 ς.
344 3601 511 3670 Arrenius
527 3595 610 3669 mire
628 3597 845 3693 distinguebat
864 3598 1084 3697 ambiguum,
1101 3627 1162 3676 nec
1178 3601 1239 3676 hle

238 3698 358 3786 inquot
382 3700 423 3767 de
442 3692 587 3767 ridiculis
608 3693 670 3765 illis
681 3693 782 3782 sani,
794 3694 926 3793 polim,
944 3695 1061 3792 pond:
1089 3699 1124 3770 hi
1144 3702 1240 3774 enirn

236 3816 298 3863 nec
330 3812 419 3864 etant
444 3790 531 3883 apud
558 3791 711 3883 antiquos
735 3812 808 3864 ante
837 3794 1036 3884 Quintiliani
1060 3816 1240 3890 tempora,

235 3913 297 3958 nec
322 3908 471 3981 poterant
496 3885 734 3976 amphiboliam
756 3913 894 3979 parere,
919 3909 968 3962 ut·
983 3893 1016 3962 in
1039 3897 1146 3989 prima
1172 3917 1236 3964 re«

234 3983 313 4081 gula
330 3987 591 4068 admonuimus,
613 3978 886 4077 presertim'clrm
898 3984 998 4084 parad
1017 4016 1080 4084 pro
1098 3989 1239 4161 deindrg
