2859 4709
207 431 278 525 m6
410 427 1002 501 Aua.Pou1u1nn1
1141 447 1143 452 ·

281 554 412 627 Grande
420 553 516 642 soum
538 574 666 624 tornata
689 576 768 625 cavo
790 551 897 624 brevis
919 551 1043 648 ungula
1062 560 1179 637 comtes

278 653 409 745 ingenti
428 649 566 739 reserens
589 649 784 751 Corybantia
807 650 953 745 cymbala
976 648 1081 741 pulsu.

279 752 313 823 0
339 748 447 821 tlulces
470 744 603 843 pasloris
629 740 762 842 opes‚b
787 767 905 840 quanta
928 749 1057 821 beatum

278 844 388 937 Qua'm
408 859 493 916 tenet
513 847 594 916 hunc
608 844 786 939 tranquilla
802 840 910 935 quies?
933 864 971 914 ut
981 841 1109 939 pedore
1122 860 1194 928 toto,

208 949 275 1040 285
289 944 470 1022 lotitiam,
496 962 622 1035 totaque
635 941 731 1031 sovet
756 940 838 1009 bona
858 941 987 1035 gaudia
1009 938 1134 1010 mente?

280 1040 406 1133 Nempe
424 1038 512 1117 odii,
523 1033 738 1131 fraudumque
760 1058 878 1132 expers
898 1056 1063 1133 exemptus
1087 1036 1169 1107 inani

279 1137 482 1212 Ambitione,
501 1134 675 1227 vacansque
696 1155 799 1212 metu,
813 1133 875 1229 spe
895 1134 990 1212 liber,
1013 1134 1057 1209 (9·
1080 1133 1172 1222 iesous

278 1233 407 1304 Natiuo
429 1235 535 1314 cultu,
556 1230 596 1305 (5
616 1234 710 1303 Gaza
730 1230 896 1325 praediues
918 1226 1065 1326 agrestis

278 1328 348 1419 Ipse
361 1329 424 1420 fibi
449 1330 531 1400 uiuit
555 1328 641 1397 nullo
658 1326 722 1412 sub
747 1325 844 1419 teste,
863 1327 990 1421 suoque

208 1426 409 1520 290Pentlet
431 1427 472 1494 ab
495 1424 647 1503 arbitrio,
662 1424 747 1511 suus
766 1424 832 1521 ipse
854 1421 896 1517 est
915 1422 1045 1510 censor,
1061 1422 1100 1499 <V
1114 1421 1170 1491 alto

279 1521 394 1593 Calcat
417 1542 490 1611 opes
512 1524 636 1601 animo,
662 1545 698 1591 ac
724 1545 834 1616 regum
860 1522 987 1593 deridet
1014 1522 1152 1592 bonores.

280 1620 404 1691 Sinon
429 1619 583 1690 Tenareis
605 1614 757 1712 illisione
772 1618 862 1709 fulta
884 1618 1045 1687 columnis

279 1715 430 1797 Robora,
456 1717 659 1809 caelatumque
683 1709 749 1785 alti
770 1716 930 1811 laquearia
944 1713 1064 1800 subter

281 1812 377 1883 Ridet
400 1814 498 1896 ebur,
519 1810 675 1906 poslemve
690 1811 774 1904 filex
800 1812 994 1900 Asarotious
1018 1830 1127 1888 ornat,

208 1915 358 2005 295Nec
384 1908 609 2003 Maurusaeos
629 1912 775 2005 pulchrae
798 1906 960 2003 testudinis
985 1909 1091 1978 orbeis

280 2008 441 2102 Delphica
458 2007 631 2103 sustentat,
657 2033 713 2078 nec
736 2008 827 2078 dallo
852 2008 930 2075 trita
956 2002 1097 2102 Myroni

279 2106 424 2185 Pocula,
447 2105 616 2200 multiplici
627 2106 756 2199 florent
785 2102 950 2175 radiantia
969 2124 1105 2198 gemma.

277 2209 350 2275 Aut
374 2204 422 2272 bie
444 2204 477 2271 in
500 2202 661 2274 Herculea
684 2198 817 2292 Milesia
841 2200 963 2271 vellera
987 2198 1104 2270 conclea

281 2297 480 2383 Versantur,
501 2300 650 2394 tenuique
665 2296 760 2383 satur
784 2298 936 2393 lanugine
956 2295 1095 2389 botnbptt

208 2415 279 2489 300
289 2397 437 2471 Luteolos
452 2395 589 2485 solleio,
610 2396 806 2491 pretiosaque
821 2392 884 2481 sila
907 2394 1074 2489 relinquit.

279 2493 408 2564 Textile
431 2518 488 2565 uec
512 2515 618 2565 tenero
631 2493 832 2587 subtegmine
845 2487 1002 2583 sulgurar
1024 2512 1149 2567 aarum,
1200 2529 1202 2534 .

280 2590 463 2688 Spiranteit
485 2590 626 2678 reserens
648 2592 779 2668 uultus,
806 2612 877 2683 quae
902 2591 1084 2684 Pergamos
1105 2584 1169 2655 olim

280 2688 418 2778 Areifici
440 2687 598 2783 descripsit
624 2713 703 2765 acu,
726 2712 797 2782 quae
808 2683 945 2779 slamina
968 2683 1152 2777 Memphis,

281 2785 368 2876 Quae
388 2789 512 2887 Tyros,
526 2788 566 2863 Φ
589 2785 737 2881 Babylon
762 2785 852 2857 radio
872 2787 1010 2879 pinxere
1026 2774 1167 2869 sonanti:

208 2899 277 2974 305
287 2888 336 2951 At
354 2890 444 2977 jacet
464 2886 498 2955 in
519 2885 609 2955 molli
628 2884 786 2978 projellus
812 2882 922 2975 cespite
948 2881 1113 2958 membra,

278 2976 359 3067 Qui
381 3006 479 3055 cavus
499 2982 622 3070 exesum
643 3004 761 3078 pumex
785 2975 954 3074 ttsludinat
979 2996 1133 3049 antrum:

275 3073 395 3165 Quoue
406 3079 593 3165 susurranti
620 3082 738 3152 crinem
759 3075 814 3147 tlat
839 3078 989 3171 aquatica
1010 3093 1108 3146 vento

278 3172 412 3258 Arbor,
435 3175 476 3251 (ἵ
499 3197 553 3249 aut
574 3179 734 3255 calamos,
759 3196 813 3247 aut
830 3173 903 3262 fixa
924 3173 1055 3270 hastilia
1067 3165 1172 3265 jungit

280 3272 426 3354 Cortice,
442 3271 567 3369 slatque
588 3276 653 3347 leui
676 3272 747 3363 oasa
766 3270 912 3363 frondea
937 3273 1006 3361 nisa
1032 3271 1156 3365 tigillo,

207 3391 279 3465 310
287 3368 397 3461 Quam
420 3393 558 3442 metuant
580 3372 704 3442 intrare
727 3392 847 3465 pauor,
869 3393 1015 3463 curaeque
1030 3369 1191 3463 sequacest
1228 3387 1229 3396 ¹

278 3467 346 3541 Sub
371 3493 434 3563 qua
451 3470 610 3563 jucundos
635 3469 806 3563 tranquillo
828 3466 953 3562 pellore
969 3466 1088 3554 sensus

275 3567 405 3638 Nutrix
426 3566 460 3637 in
482 3565 676 3659 abruptaque
688 3565 780 3656 sotter
793 3564 855 3653 sua
882 3582 1030 3658 corpora
1037 3569 1161 3649 struentes

273 3663 459 3745 Siluarum,
480 3660 521 3738 Cr*
537 3665 659 3758 pecoris
675 3663 839 3740 dontinus,
845 3656 935 3755 siant
943 3660 1064 3747 sedula
1086 3663 1194 3735 eiretatt

275 3755 385 3831 Turba
406 3784 524 3835 canes,
546 3762 716 3854 audaxque
740 3763 849 3838 laton,
866 3783 1003 3851 acerque
1022 3758 1172 3851 molossus.

202 3859 374 3947 315Dattt
397 3859 503 3952 ignem
525 3858 678 3927 extritum
694 3855 826 3947 silices,
844 3852 1081 3951 tlantflumina
1096 3854 1194 3928 neom

274 3948 1196 4050 Haustamanu‚latagerCereremzttoncaseus‚autlutt

274 4047 475 4126 Lusorumve
496 4049 593 4145 dapes
614 4048 750 4141 absunt,
762 4047 833 4146 slat
857 4050 989 4145 rupibus
1013 4054 1085 4126 ilex
1157 4143 1180 4217 Π

872 4191 881 4201 ,
954 4165 960 4179 ²
1094 4150 1198 4220 Mea

1226 689 1229 766 t
