2859 4709
225 377 281 451 ιω
565 302 895 437 'Battara
1007 386 1010 391 ·

230 497 290 592 qui
315 478 508 585 capillos&
535 509 666 584 ungues
687 489 730 560 ad
754 486 907 562 amuffirn
932 487 1111 581 exprimit,
1134 486 1159 562 li
1182 497 1238 558 to:

176 658 179 663 ,
230 611 302 668 tam
325 589 460 661 statuam
483 582 582 657 nescit
608 584 754 676 partibus
777 584 840 657 suis
863 587 1023 678 adaptare.
1073 591 1155 662 Nec·
1179 586 1237 656 ilie

232 686 400 764 formosus
422 681 489 769 est,
512 683 569 778 qui
590 684 703 777 nigros
726 692 842 755 oculos
862 707 1062 779 nigrumque
1080 683 1238 776 capillum

233 786 281 861 est
309 784 467 862 sortitus,
493 778 517 852 sr
543 796 653 852 tamen
686 781 847 852 deformis
870 779 961 852 nasus
988 803 1091 854 rotam
1117 782 1238 854 oculo·

203 928 205 933 f
234 908 311 958 rum
324 877 539 975 praestantiam
553 879 713 1044 detgrpfi.
749 878 1119 1049 Μῒέὶεεεδὲαξὲἱοείἀὶιὲξῐ
1131 901 1240 1048 {ligurio

235 979 620 1168 teleogiesilcoqlliartguililrsl:
657 997 675 1044 e
713 998 792 1068 ’ap
998 1001 1078 1052 Νη
1184 1000 1211 1089 P·

284 1201 458 1273 Excudent
483 1195 541 1266 alii
557 1194 719 1289 spirantia
743 1197 872 1269 mollius
897 1224 976 1273 aera.
1008 1201 1121 1273 Idem.

284 1300 333 1371 Et
345 1295 435 1366 molli
449 1292 567 1365 circum
578 1286 617 1389 cfl
630 1292 722 1379 ansas
733 1295 900 1391 amplexus
915 1297 1064 1368 acantho.
1088 1293 1240 1370 Martial.

287 1394 361 1468 Ner
379 1390 504 1464 Triviae
526 1390 643 1484 templo
661 1391 773 1463 molles
797 1391 968 1466 laudentur
992 1395 1142 1470 horrores.

286 1563 647 1654 TERTIUM
690 1559 1195 1658 PRAECEPTUM.

326 1735 392 1818 De
422 1729 669 1817 collocatione
688 1731 833 1820 Rerum
855 1732 908 1823 (7
933 1735 1154 1824 Verborum.

310 1899 416 1976 Umite
437 1896 625 1980 materiam,
643 1896 714 1975 &a
756 1896 896 1989 Optima
921 1898 1132 1992 dispofirione
1160 1904 1245 1979 nihil

323 1994 502 2090 pulchrius.
545 1992 641 2065 Huic
665 1995 770 2087 igitur
793 1993 961 2071 incumbat
981 2000 1106 2072 Po'c‘ta:
1131 1999 1246 2076 obser·

240 2115 366 2190 vetque
391 2116 456 2185 qua
480 2092 642 2160 methodo
668 2089 705 2160 srt
731 2088 929 2181 disponenda
954 2098 1127 2168 materies:
1159 2100 1247 2172 dixi·

240 2217 318 2268 mus
354 2190 418 2262 effe
449 2185 648 2259 methodum
685 2187 905 2279 prudentiae,
938 2209 1038 2285 atque
1074 2195 1245 2270 doditinae.

189 2348 192 2353 .
241 2285 408 2369 Horatius
431 2286 615 2376 prudentia
635 2286 789 2355 ordinem
809 2283 967 2378 inpolitis
991 2288 1121 2381 probat.
1160 2294 1247 2366 Non

244 2388 335 2463 enim
367 2401 403 2454 ut
436 2396 717 2473 quaeque'natura
750 2382 855 2472 prima
891 2383 987 2468 suot,
1017 2389 1062 2460 ita
1096 2387 1247 2478 p'rimlun

244 2483 421 2559 narranda:
444 2476 660 2548 sed‘dicenda
681 2474 846 2568 primum,
867 2503 942 2573 quo
960 2481 1072 2574 primo
1095 2483 1160 2554 dici
1185 2513 1248 2579 po·

245 2583 386 2657 stulant:
417 2575 573 2667 pleraque
602 2570 781 2645 differenda
816 2572 916 2651 &in
947 2578 1085 2669 praesens
1112 2598 1249 2676 tempus

246 2678 414 2752 servanda.
437 2673 578 2768 praescus
599 2687 722 2764 tempus
746 2689 843 2743 vocat
866 2676 1063 2767 proprium,
1088 2674 1124 2748 δι
1152 2701 1249 2751 com-

245 2775 386 2853 modam
412 2768 717 2860 opportunitatem.-
730 2772 892 2860 'quaedam
919 2768 1000 2843 vero
1020 2774 1189 2847 retinenda
1211 2776 1250 2853 δε

248 2871 406 2949 amanda:
424 2866 576 2956 quaedam
596 2867 735 2936 omnino
750 2866 947 2956 repellenda.
974 2867 1008 2939 Si
1023 2892 1148 2962 quaeras
1169 2896 1251 2967 quo·

247 2971 355 3047 modo
374 2980 496 3035 tautam
510 2983 583 3031 rem
596 2959 791 3056 affequaria,
804 2963 916 3056 accipe
929 2985 1143 3057 praeceptum.

296 3088 421 3168 Sumite
444 3086 612 3157 materiam
635 3081 746 3181 vestris
778 3088 834 3181 qui
853 3086 1001 3173 scribitis
1022 3115 1145 3187 aequam

298 3186 459 3269 Viribus,
486 3180 527 3256 (θ’
550 3183 673 3270 versata
697 3185 755 3256 diu
776 3183 853 3277 prid
865 3183 958 3274 ferre
980 3189 1148 3284 recusent,

301 3282 395 3378 Quid
416 3281 550 3355 valeant
576 3281 719 3354 irumoi:

252 3409 432 3504 Numqui
466 3430 537 3477 rem
574 3407 616 3476 de
654 3429 719 3501 qua
751 3405 896 3496 didiorus
930 3405 1005 3486 est,
1039 3404 1126 3477 bene
1155 3406 1254 3502 lege·

254 3512 318 3591 rit,
342 3509 377 3579 id
404 3503 471 3587 est,
492 3499 665 3598 selegerit,
699 3501 737 3579 δι
764 3502 1002 3594 perpenderit:
1042 3501 1157 3597 neque¹
1183 3529 1254 3577 me·

255 3606 363 3679 lhodo
384 3600 421 3677 δὲ
439 3601 555 3672 ordine
580 3599 691 3670 lucido
722 3599 933 3686 destituetur,
950 3625 1057 3694 neque
1081 3599 1181 3673 etiam
1203 3599 1255 3673 fa·

256 3703 388 3776 cundia.
430 3699 553 3770 Omnis
581 3712 692 3768 autem
719 3702 826 3773 oratio
849 3699 907 3779 (ut
937 3723 1014 3771 cum
1042 3696 1254 3787 Quintiliano

257 3800 401 3894 loquat)
424 3793 546 3868 constat
562 3810 617 3865 aut
643 3816 685 3864 ex
704 3793 754 3864 his
775 3819 849 3888 quae
871 3793 1115 3890 fignificantur‚
1132 3812 1188 3864 aut
1211 3818 1257 3866 ex

256 3896 309 3968 his
333 3920 407 3989 quae
428 3891 626 3987 fignificant,
654 3889 776 3968 idest,
800 3889 898 3961 rebus
922 3892 958 3969 ἀ
979 3889 1098 3961 verbis.
1140 3891 1259 3980 Quare

257 3991 424 4068 Horatius
447 3990 513 4066 hoc
533 3990 568 4063 iu
587 3989 663 4065 loco
681 3989 723 4062 de
739 3987 958 4064 collocatione
976 3986 1071 4063 timul
1090 3985 1258 4100 &iorem

999 4106 1002 4111 '
1166 4103 1260 4161 none
