2859 4709
246 430 314 523 588
437 423 1046 498 Pontronr'rM'enn

241 550 290 620 ibi
315 547 486 633 maximis,
511 546 591 619 sicut
604 571 676 619 nos
701 547 823 641 equis,
844 545 942 616 facile
967 561 1061 638 atque
1090 539 1241 617 habiliter

242 662 386 719 utantur.
438 647 588 737 Quidam
621 644 750 715 nullum
788 643 905 737 animal
945 642 1122 726 occidere,
1155 643 1240 714 uuila

244 766 343 814 carne
368 742 455 814 vesci
479 744 644 834 optimum
676 738 873 811 existimant.
915 737 1083 830 Quosdam
1109 756 1238 810 tantum

243 838 349 930 pisces
376 839 475 912 alunt.
521 839 670 928 Quidam
698 838 870 926 proximos
892 831 1099 928 parentesque
1127 833 1241 927 prius·

244 960 345 1027 quam
367 941 477 1020 annis,
502 953 557 1004 aut
581 935 776 1027 aegritudine
805 934 839 1004 in
865 931 1009 1004 maciem
1030 948 1118 1014 eant,
1149 933 1241 1002 velut

210 1056 215 1067 ·
244 1029 365 1107 hostias
391 1035 543 1104 caedunta
572 1029 796 1120 caesorumque
825 1026 1006 1100 visceribus
1039 1028 1164 1118 epulari
1193 1027 1242 1100 ias

245 1126 284 1203 &
314 1123 460 1201 maxime
485 1128 579 1217 pium
600 1124 663 1196 est.
706 1126 774 1214 Alii
805 1124 862 1199 ttbi
891 1124 1040 1196 fenetras
1069 1141 1123 1196 aut
1150 1148 1243 1196 mor·

246 1221 310 1296 bue
338 1223 485 1305 incessat,
513 1222 629 1312 procui
661 1218 679 1291 a
708 1218 1017 1300 caeterieabeunt,
1037 1236 1242 1312 mortemque

247 1318 282 1390 in
303 1315 477 1391 solitudine
499 1317 579 1387 nihii
597 1317 684 1388 anxii
705 1318 1159 1408 expediantefptudentiores
1181 1317 1243 1396 eie,

247 1412 367 1508 quibus
388 1437 457 1495 ars,
477 1411 689 1507 studiumque
715 1411 874 1505 sapientie
898 1413 1090 1508 contingit,
1106 1438 1172 1485 non
1192 1437 1241 1486 err·

247 1511 378 1602 pettam
400 1533 499 1589 eam,
525 1510 580 1581 sed
599 1512 792 1604 ingerentes
817 1509 918 1583 semet
942 1509 1109 1606 ignibus,
1130 1509 1242 1585 laeti&

247 1629 325 1678 cum
351 1604 459 1703 gioria
483 1604 659 1680 accersunt.
701 1606 846 1679 Urbium
866 1631 944 1700 quas
970 1608 1127 1681 incolunt
1153 1604 1240 1696 (sunt

248 1719 360 1774 autem
391 1701 568 1794 plurime)
606 1700 698 1799 Nysa
733 1703 786 1778 eii
814 1703 983 1789 clatiffima
1020 1703 1059 1778 ὅ(
1098 1704 1237 1785 maxine

239 1798 423 1872 'Montium
441 1799 653 1879 Meros‘Jovi
676 1797 784 1880 sacer,
804 1800 925 1873 famam
949 1797 1029 1870 hinc
1046 1801 1237 1892 praecipuam

249 1893 391 1978 habent,
418 1893 510 1986 qubd
535 1897 569 1967 in
594 1897 647 1968 illa
672 1898 852 1992 genitum,
877 1895 1036 1988 inhujus
1063 1895 1168 1988 specu
1187 1895 1237 1976 Li-

250 1989 370 2065 berum
394 1994 590 2066 arbitrantur
616 1989 679 2064 eiie
701 1993 888 2067 nutritum:
910 1995 1002 2075 unde,
1032 1994 1170 2068 Graecis
1191 2015 1240 2063 ao·

251 2086 403 2161 altoribus
423 2135 435 2174 ,
464 2109 501 2163 ut
524 2089 658 2161 -semori
683 2091 778 2172 Jovis
803 2088 945 2164 insutum
973 2088 1162 2172 dicerent,
1190 2106 1239 2162 aut

252 2183 387 2257 materia
412 2185 542 2280 ingeffit
557 2229 575 2269 „
605 2204 660 2262 aut
687 2207 789 2258 error.
832 2189 919 2261 ons
951 2186 1064 2257 tenent
1096 2186 1141 2259 ab
1164 2185 1240 2257 Indo

251 2284 294 2352 ad
321 2283 479 2376 Gangem
496 2279 680 2366 Palibotri,
702 2279 720 2353 b
745 2284 869 2381 Gange
893 2285 935 2357 ad
954 2283 1087 2363 lotide,
1110 2280 1170 2357 nifi
1192 2279 1241 2354 ubi
1285 2342 1286 2349 ,

251 2379 359 2474 magis
380 2402 479 2470 quam
502 2397 537 2450 ut
561 2376 744 2462 habitetur,
768 2378 941 2462 ernestum,
967 2396 1045 2451 atrae
1064 2378 1242 2474 gentem&

250 2475 503 2567 *quodammodo
522 2474 708 2569 AEthiopes.
750 2477 806 2550 Ab
824 2478 933 2548 Iolide
949 2477 989 2546 ad
1007 2476 1149 2549 Cudum
1168 2476 1244 2548 redit

253 2570 325 2644 sunt
350 2571 477 2654 littora,
502 2573 649 2664 nudique
674 2573 810 2664 popuii,
824 2573 860 2647 ὅ(
875 2574 1005 2644 marinis
1027 2573 1152 2662 opibus
1176 2569 1246 2645 affa-

253 2667 313 2739 tim
342 2669 432 2742 dites.
480 2666 586 2738 Tabia
615 2670 884 2759 promontorium
919 2668 966 2741 est
1000 2673 1094 2760 quod
1120 2669 1247 2742 Taurus

248 2764 397 2849 attollit,
426 2763 613 2836 communis
643 2763 812 2858 utriusque
845 2767 943 2837 maris
980 2767 1153 2858 angulus,
1185 2766 1249 2838 ini·

173 2882 175 2895 ·
253 2861 404 2952 tiumqne
430 2862 536 2934 latetis
562 2861 602 2932 ad
623 2859 801 2933 ‘meridiem
828 2861 911 2935 verfi
930 2906 943 2943 ‚
965 2865 1106 2956 Ganges
1128 2861 1163 2933 ἃ
1188 2862 1252 2931 Ιη-

254 2959 317 3027 dus
341 2981 476 3038 amnes,
498 2958 553 3046 ilie
581 2958 692 3030 multis
715 2955 864 3032 fontibus
885 2959 921 3040 in
945 2958 1115 3030 Haemode
1141 2957 1252 3027 India

250 3068 372 3126 monte
404 3072 618 3146 conceptus,
650 3053 744 3126 srmul
769 3079 875 3127 unum
906 3056 1044 3128 alveum
1070 3052 1187 3136 fecit,
1218 3050 1252 3125 fit

254 3149 409 3222 omnium
431 3153 617 3230 maximus,
639 3149 676 3225 ὅ(
699 3150 818 3224 alicubi
843 3149 960 3230 tatius,
992 3152 1125 3243 quando
1150 3174 1252 3246 angu-

249 3243 381 3320 ssiffim‘e
399 3240 491 3332 finit,
510 3248 626 3321 decem
639 3248 746 3319 millia
764 3245 911 3340 pastuum
930 3264 1066 3338 patens,
1083 3247 1118 3318 in
1137 3246 1254 3344 septem

252 3366 313 3414 ora
337 3341 543 3438 dispergitur.
584 3345 690 3416 Indus
714 3368 758 3418 ex
778 3345 1134 3436 monte-Paropamiso
1160 3368 1253 3420 exot-

217 3512 222 3521 ,
250 3457 327 3520 tus,
353 3439 472 3511 &alia
497 3440 632 3531 quidem
657 3439 795 3513 flumina
820 3440 979 3514 admittit:
1005 3441 1063 3512 sed
1089 3443 1254 3517 ctariffim

254 3530 419 3626 Cophen,
434 3536 630 3620 Acefinem,
647 3534 849 3703 Hlydaspen,
866 3555 1140 3630 ¹conceptamque
1161 3535 1256 3634 piuti-

218 3632 220 3637 ’
251 3628 315 3704 bus
333 3631 433 3704 alveis
447 3633 569 3705 undam
592 3634 657 3706 lato

250 3751 332 3820 gem
359 3732 587 3822 magnitudine
613 3748 776 3824 exequat.
820 3727 897 3807 Pbst
926 3730 987 3803 ubi
1014 3731 1148 3824 aliquot
1179 3735 1252 3823 saept

248 3824 379 3918 magnis
396 3823 539 3901 flexibus
556 3825 657 3921 cingit
673 3827 817 3922 jugum,
830 3825 947 3921 ingens
965 3827 1118 3910 iterum,
1136 3833 1254 3907 tediosi

246 3915 433 4018 iblidusque
464 3919 659 4002 descendit,
687 3925 806 3999 donec¹
821 3925 862 3993 ad
887 3925 1005 4001 laevam
1038 3925 1254 4016 dextramque

242 4019 279 4098 se
305 4024 507 4107 diducens,
538 4019 672 4104 duobus
694 4016 786 4095 etun
799 4018 909 4112 toute
932 4017 1124 4098 tutentur
1157 4035 1280 4168 “Q

691 3636 785 3724 patio
804 3633 912 3705 trahit.
954 3632 1050 3704 Hinc
1066 3633 1255 3727 peanan·
