2859 4709
363 478 429 536 υτ
477 464 862 538 Nurum:
1038 481 1113 562 491

211 572 349 654 Cornel.
378 587 539 658 Tacitum
554 586 596 657 de
608 583 774 661 Oratorib.
791 578 957 656 Horatius
969 577 1002 651 in
1019 589 1111 660 odist

204 678 266 749 eris
288 679 392 753 Vario
408 681 532 774 fortis,
547 680 589 756 (5
602 680 736 778 hostiurn
757 681 872 755 uiclor.
891 678 929 752 dt
955 676 987 747 in
1008 680 1113 753 Sertn.

231 796 306 872 epos
331 801 425 864 acer,
451 804 486 852 ut
503 804 614 864 nemo,
633 782 673 856 V
672 780 765 850 orius
785 778 886 850 ducit.
926 773 1114 870 Thyestem

221 875 334 943 Acron
365 874 407 948 ab
438 877 583 951 Horatio
614 875 811 972 significari,
833 897 939 969 quum
963 871 1044 944 dixit
1070 875 1113 947 de

208 993 241 1039 ›:
267 973 312 1041 Et
326 970 451 1061 scevam
476 975 608 1072 Pelopis
633 980 771 1050 domurn.

211 1069 292 1162 674·
316 1075 429 1167 Atque
439 1072 537 1162 suunt
547 1074 650 1171 jodlet
672 1066 859 1157 Corduba.)
885 1069 1022 1143 Senecae
1044 1090 1114 1142 tra-

210 1187 256 1246 e,
283 1190 357 1258 quae
385 1169 665 1246 circumferuntur
692 1194 761 1242 non
793 1190 911 1238 omnes
943 1164 962 1238 lt
988 1169 1114 1241 Seneca

210 1285 239 1334 es
263 1259 356 1336 sentit
380 1266 532 1358 Lipsius,
562 1269 618 1342 cui
638 1270 776 1339 accedo.
816 1261 978 1336 Hercules
996 1265 1116 1358 fruens

227 1360 410 1450 probatur,
437 1368 479 1435 de
504 1390 567 1457 qua
594 1366 751 1437 Sidonius
772 1360 814 1439 stc
839 1363 1004 1436 meminit·

209 1455 408 1551 Orcheflrcun
433 1465 536 1554 quatit
562 1464 646 1534 alter
668 1459 845 1557 Euripidis.

209 1557 235 1627 S.
260 1558 344 1627 Ecce
367 1555 409 1629 (θ’
424 1561 679 1654 grandiloquo.)
705 1560 761 1629 De
785 1556 918 1635 Accio,
943 1551 981 1632 ὅ(
1005 1559 1114 1635 Poeu.·

222 1652 300 1722 vide
323 1652 500 1743 pulchrum
523 1662 610 1749 apud
638 1655 814 1751 Agelliunt
842 1652 897 1724 lib.
912 1673 969 1745 13.
996 1675 1114 1750 capa.

209 1748 253 1818 til.
281 1749 335 1821 lib.
349 1770 405 1824 10.
424 1775 494 1850 cup.
507 1773 538 1826 1.
572 1754 755 1850 Trogediae
769 1751 943 1846 scriptores
967 1754 1113 1837 Accius,

224 1847 391 1918 Pacuuius
411 1852 569 1944 clarifflnu'
585 1853 752 1948 grauitate
764 1847 1017 1937 sententiarum,
1035 1845 1113 1922 uer·

209 1944 1019 2140 §.panpffiupupmpgppparppcrhncde‘rp)
1054 2041 1113 2115 De

210 2139 300 2210 >onio
325 2140 478 2213 Secundo
500 2142 543 2214 stc
568 2143 711 2234 Quintil.
743 2143 815 2213 loro
841 2142 949 2212 citato.
990 2141 1113 2211 Eorum

210 2237 347 2308 viderim
379 2237 475 2335 longe
505 2240 654 2338 princeps
685 2236 883 2336 Pomporiius
913 2238 1112 2311 Secundus:

215 2331 311 2420 futes
334 2352 447 2430 parunt
463 2336 638 2433 Trogicutn
650 2336 832 2433 putabant,
850 2334 1050 2415 eruditione,
1072 2357 1112 2404 ar

223 2428 377 2527 praeflare
398 2432 639 2523 confitebantur.
675 2436 774 2506 Plura
793 2435 864 2506 Pet.
901 2430 1051 2507 Crinitus
1072 2433 1113 2502 de

237 2554 306 2599 cc.
345 2549 376 2618 9.

212 2647 239 2713 9.
265 2546 365 2704 ridle,
387 2622 430 2699 (θ’
454 2626 638 2721 mordaci.)
664 2626 742 2699 Post
762 2625 954 2722 Tragicos,
973 2645 1112 2696 enume-

212 2724 356 2794 {omicos
397 2723 475 2793 Fuit
499 2743 611 2798 autern
634 2728 724 2816 apud
746 2729 888 2803 Graecos
908 2723 1032 2813 duplex
1054 2744 1112 2790 co-

216 2846 260 2891 a:
288 2838 408 2899 vetus,
436 2817 472 2892 &
499 2847 596 2894 nova.
642 2823 760 2895 Prilrae
787 2821 968 2893 comoediae
1000 2818 1112 2911 plures

225 2937 380 2998 autores,
408 2913 464 2987 led
489 2918 746 3008 Aristophanes,
769 2919 927 3011 Eupolis,
955 2914 1112 2990 Cratinus

210 3015 263 3104 pui
301 3035 547 3087 enumerantur.
596 3017 739 3108 Eupolis
775 3018 881 3110 igitur
915 3014 978 3106 (ut
1011 3011 1112 3084 refert

210 3110 336 3199 >phanis
361 3110 520 3203 interpres
546 3114 578 3182 in
600 3115 818 3209 prolegomen.
838 3111 875 3188 dt
905 3135 952 3184 ex·
974 3109 1112 3182 Platone

211 3230 290 3278 anus
314 3229 382 3305 cup.
397 3229 453 3282 10.
474 3207 642 3301 Miscell.)
672 3235 777 3301 quum
804 3209 938 3304 publice
963 3205 1113 3277 Alcibia-

211 3303 330 3378 Cliniae
355 3307 463 3378 filium
485 3306 520 3376 in
541 3309 734 3384 comoedia,
748 3332 848 3401 quarn
862 3307 979 3398 Baptas
998 3299 1113 3375 inscri-

209 3428 237 3483 ι,
264 3401 445 3495 carpfillett
466 3402 523 3474 Ab
540 3400 611 3494 ipso
626 3401 803 3478 Alcibiade
821 3429 841 3476 e
859 3404 1005 3501 quodam
1018 3401 1113 3475 navi-

209 3523 221 3566 t
245 3524 336 3570 mare
359 3499 529 3594 projeetus
553 3499 612 3572 ett.
1034 3531 1036 3535 ’

208 3618 237 3669 3.
263 3598 386 3670 Fabula
408 3595 584 3690 mendax.)
609 3595 693 3669 Hoc
718 3598 798 3668 dicit
824 3591 1005 3668 Politianus
1030 3611 1112 3688 proi

210 3694 312 3766 verba
347 3693 525 3766 Ciceronis
556 3693 598 3764 ad
636 3693 789 3767 Atticum
823 3693 878 3765 lib.
901 3693 935 3767 6.
966 3689 1051 3788 episi.
1076 3711 1115 3767 1.

217 3791 363 3884 (inquit)
383 3815 447 3861 non
473 3788 559 3861 dixit
582 3791 734 3886 Eupolirn
758 3792 798 3864 ab
816 3786 992 3864 Alcibiade
1016 3789 1113 3861 novi-

226 3890 260 3959 in
285 3888 432 3963 Siciliam
455 3885 612 3982 dejedlutn
636 3886 696 3983 msc
719 3889 756 3963 iu
780 3887 894 3962 maret
927 3883 1114 3984 Redarguit

209 3982 321 4073 (lenes.
357 3983 480 4074 Adfert
495 3987 578 4057 enim
589 4011 668 4083 quos
683 3987 740 4061 itte
752 3983 818 4086 poll
835 3985 871 4060 id
883 4004 1012 4082 ternpus
1022 3981 1135 4075 inlust*¹

201 4086 287 4158 scuti.
321 4083 421 4160 Alius
437 4082 503 4162 fuit
519 4085 685 4186 Eupolis,
697 4089 744 4168 de
759 4113 833 4193 qut)
848 4081 1183 4247 odulinum&
