2859 4709
330 376 522 496 unsrun
547 415 710 497 Oanis}
747 422 881 525 dimi,
907 426 992 516 03:
1105 426 1176 520 561'

204 560 269 611 res:
297 541 500 626 Corinthos,
525 548 606 617 olim
632 545 715 617 clara
741 544 880 638 opibus,
899 543 971 638 poll
998 544 1088 618 clade
1111 562 1175 621 noa

205 660 363 719 annunt
384 643 538 716 Romana
565 643 713 734 colonia,
734 667 777 715 ex
799 642 926 716 summa
950 664 1052 726 arce,
1075 669 1172 734 quam

208 735 444 812 crocorinthon
472 742 667 832 appellant,
699 742 798 812 maria
828 760 967 832 utraque
1002 758 1171 815 contuens.

206 830 390 926 eloponnesr
423 860 516 908 oram
550 835 657 925 (ficut
692 838 862 929 diximus)
900 833 984 909 finus
1015 835 1052 909 ἀ
1086 861 1173 924 pro-

207 932 336 1002 ontoria
366 931 527 1005 lacerant:
554 932 594 1004 ab
625 934 752 1006 oriente
781 932 986 1024 Bucephalus
1003 928 1040 1004 ἅ
1063 930 1178 1006 Clrer·‘

208 1025 324 1117 nesus,
347 1026 384 1102 &
413 1029 590 1126 Scylleonr
616 1033 657 1104 ad
685 1032 859 1102 meridiem
884 1030 1023 1108 Malea,
1048 1028 1173 1102 Taena-

209 1145 248 1207 S,
277 1127 428 1207 Acritas,
453 1125 607 1223 Ichthys:
640 1131 680 1201 ad
709 1127 911 1220 vesperum,
943 1122 1172 1208 Chelonates,

229 1224 385 1294 Araxos·
413 1221 575 1294 Habitant
603 1225 644 1297 ab
672 1223 802 1297 Illhmo
831 1228 872 1296 ad
901 1223 1058 1320 Scylleorr
1086 1223 1171 1313 Epi·

210 1320 293 1400 urii,
320 1318 499 1410 AEsculapii
522 1321 649 1410 templo
671 1321 806 1417 inclyti,
827 1321 863 1395 ἃ
877 1319 1083 1395 Troezenii,
1102 1319 1171 1391 fide

210 1417 327 1488 :ieratis
344 1415 463 1486 Atticae
482 1414 639 1488 illustres:
661 1435 777 1508 portus
793 1414 1046 1502 Saronicus,=&
1066 1415 1170 1488 Sche-

210 1536 248 1585 :as
264 1512 300 1585 &
318 1514 482 1603 Pagonus.
509 1511 645 1604 Oppida
659 1532 770 1586 autem
783 1514 969 1605 Epidaurus
981 1515 1041 1594 ,δι
1057 1514 1170 1590 Troii-

210 1634 254 1691 n,
280 1605 316 1679 ὃ(
343 1606 532 1682 Hermiona
554 1607 603 1678 his
630 1609 796 1683 littoribus
817 1607 963 1702 apposita
987 1610 1068 1682 lunt.
1113 1612 1169 1680 In-

210 1704 414 1797 ·Scylleon,
441 1702 646 1778 &Maleam
674 1707 866 1802 Argolicus.
904 1705 999 1778 Inter
1016 1695 1103 1778 hanc
1130 1707 1168 1783 d<

210 1823 331 1887 aaaron
371 1801 567 1874 Laconicus.
617 1803 711 1875 Hinc
741 1806 784 1875 ad
818 1802 968 1877 Acritam
1005 1802 1167 1874 Afinaeus.

210 1901 248 1968 de
273 1899 313 1969 ad
338 1895 480 1995 Ichthyn
507 1898 707 1995 Cyparilius.
747 1901 790 1970 In
812 1896 979 1994 Argolico
999 1897 1070 1972 sunt
1094 1899 1167 1978 noti

210 2017 276 2066 rnes
303 1991 475 2076 Eralinus,
501 2012 597 2089 atque
621 1994 785 2080 Inachus,
800 1995 838 2071 δί
857 2013 975 2070 notum
1000 1998 1170 2088 oppidum,

210 2115 282 2163 nne.
320 2091 363 2163 In
387 2093 555 2165 Laconico
582 2091 818 2191 Gythius,2&
838 2096 999 2167 Eurotas:
1024 2095 1068 2165 In
1091 2094 1168 2185 ipso

211 2210 306 2285 auaro
332 2189 486 2282 Neptuni
509 2186 696 2283 templum,
711 2191 748 2264 ἃ
767 2186 916 2283 specus,
934 2190 981 2260 illi
1002 2215 1103 2284 quem
1127 2192 1163 2261 in

213 2306 271 2358 nto
293 2283 511 2360 Acherusrum
535 2287 705 2372 diximus,
726 2286 811 2358 facie
836 2289 873 2363 dr
899 2285 1010 2359 fabula
1039 2287 1166 2366 fimitis:

215 2381 346 2456 Almaeo
360 2383 488 2456 flumen
505 2381 691 2455 Pamillum.
726 2385 768 2454 In
786 2383 968 2478 Cypariliio
985 2383 1162 2476 Alpheus,

211 2506 284 2552 men
310 2483 431 2552 dedere
455 2480 554 2553 urbes
578 2482 612 2551 in
639 2481 749 2552 littore
776 2480 866 2552 firae:
895 2480 972 2552 hinc
1002 2479 1163 2577 Cyparis-

221 2621 232 2659 ,
259 2578 346 2648 illinc
375 2575 484 2647 Alme.
525 2574 680 2648 Mellenii
707 2577 861 2673 Pyliique
888 2597 987 2650 terras
1021 2580 1161 2659 colunt,

217 2677 283 2768 ipsa
308 2673 428 2768 pelago
458 2674 558 2769 Pylos
584 2674 723 2768 adjacet.
764 2674 936 2769 Cyllenae,
966 2673 1160 2766 Callipolis,

211 2796 261 2843 :rae
287 2795 378 2844 oram
406 2770 495 2841 illam
520 2789 659 2853 tenent,
685 2774 721 2842 in
745 2797 845 2866 quam
866 2771 1095 2851 Chelonates,
1121 2770 1159 2850 ὃς

211 2893 289 2942 axos
317 2885 518 2941 excurrunt:
549 2867 604 2939 sed
629 2867 792 2966 Cyllene,
824 2872 916 2961 quod
942 2869 1164 2961 Mercurium.

226 2986 339 3039 natum
363 2964 578 3048 arbitrantur,
598 2963 744 3060 inlignis.
781 2957 897 3037 Rhion
923 2967 1042 3040 deinde
1064 2967 1158 3062 (ma-

224 3067 259 3134 id
278 3088 409 3135 nomen
435 3061 502 3156 est)
524 3061 660 3156 anguste
692 3060 728 3134 δι
755 3062 847 3134 velut
874 3063 957 3135 falce
984 3067 1073 3135 lacus
1095 3087 1156 3134 ore
1199 3099 1201 3102 ·

210 3161 315 3252 yuenti
338 3160 507 3239 incidens,
530 3161 611 3230 inter
630 3157 837 3240 AEtolos,&
858 3160 1156 3252 Peloponnesracos

209 3279 255 3347 tre
279 3259 320 3328 ad
340 3254 491 3328 Isthmon
508 3256 668 3346 irrumpit.
708 3258 751 3327 In
771 3280 815 3326 eo
836 3260 878 3331 ad
900 3257 1155 3348 septentrionem

209 3353 295 3423 &are
327 3354 435 3425 littora
468 3350 639 3444 incipiunt.
680 3352 724 3424 In
751 3351 802 3425 his
839 3352 886 3425 est
922 3353 1083 3449 AEgion,
1115 3351 1153 3431 &

209 3449 296 3544 gira,
320 3449 356 3523 dc
376 3451 523 3532 Oluros,
537 3447 574 3521 ἃ
595 3449 742 3544 Sicyon:
766 3467 797 3520 at
817 3447 852 3520 in
876 3451 1014 3525 advertis
1033 3454 1152 3545 Pagae,

208 3545 310 3624 rufis,
333 3545 514 3642 Anticyra,
531 3545 721 3620 Oeanthia..
749 3545 900 3644 Cyrrha,
912 3547 948 3620 δι
965 3549 1074 3622 notior
1093 3548 1169 3649 ali-⁸

208 3663 273 3716 tntu
294 3649 429 3716 nomine
453 3645 623 3729 Calidon‚
649 3645 685 3716 ὅ(
714 3643 860 3717 Euenos.
904 3647 1004 3718 Extra
1034 3643 1150 3717 Rhion

218 3741 400 3812 Acarnania
423 3736 569 3814 maxime
605 3740 689 3811 clara
714 3737 787 3813 suut
811 3741 973 3836 oppidum
997 3745 1151 3825 Leucas,

208 3863 279 3908 nen
307 3836 507 3910 Achelous:
534 3839 577 3908 In
612 3837 717 3930 Epiro
749 3839 828 3912 nihil
865 3841 1048 3914 Ambracio
1077 3835 1150 3909 srnu

208 3936 298 4031 tilius
321 3934 400 4022 est3
433 3934 508 4006 facit
538 3934 624 4008 finus
656 3939 712 4031 qui
736 3935 879 4033 angustis
904 3933 1087 4018 faucibus,
1112 3933 1151 4010 ἃ

208 4058 224 4105 e
254 4033 362 4105 minus
395 4033 484 4104 mille
508 4034 652 4128 paffibus
682 4052 844 4129 pateant,
863 4040 998 4131 praude
1021 4033 1174 4132 puseus

206 4122 733 4231 lhs'anttrtoper.Tom.1h
781 4177 793 4256 s
882 4135 972 4210 tto
1051 4229 1095 4253 X*
1132 4116 1212 4191 aa<
