2859 4709
272 389 341 482 148
460 388 507 478 Q.
547 340 795 458 Horttmtt
831 381 1047 456 Futcct'

268 515 461 576 'conducuntur
476 513 514 571 ad
536 511 617 573 sunus
634 510 845 585 ¹deplorandum
864 508 958 569 dicunt
973 509 1006 567 &
1025 502 1128 567 faciunt
1150 505 1220 580 pro-1
1269 510 1274 538 ‘

270 613 307 671 pe
332 593 436 667 plura,
462 595 543 667 quam
568 592 614 668 qui
641 608 677 649 ex
707 590 803 648 animo
830 589 935 649 dolent.
977 588 1090 655 Quanto
1118 584 1220 645 tellina

271 673 366 751 magni
397 674 478 731 amici
496 692 505 731 t
533 670 627 747 quiin
648 667 787 727 conviviis
807 670 839 727 ὅ(
861 666 963 727 crebris
984 664 1089 744 cyathis
1110 660 1221 728 examie

272 768 338 810 nant
359 751 445 825 illos,
466 769 534 826 quos
555 754 584 807 irt
604 746 754 807 amicitiam
780 747 867 807 velint
890 745 937 805 fibi
957 747 1117 823 adiungere.
1155 745 1219 802 Fu·

270 851 308 910 ge
328 830 421 904 itaque
451 828 563 889 dolosos
592 827 696 901 iudices
725 823 776 884 tuis
803 823 967 886 carminibus
993 826 1149 888 adbtbere,
1170 818 1219 896 qui

272 909 527 970 aslutant¹servant
558 907 606 967 sub
637 906 743 965 callido
763 906 876 979 pestere
904 904 1090 980 vulpeculam.
1130 902 1219 962 Tales

188 1042 191 1051 .
270 989 322 1049 tibi
343 987 447 1062 judices
476 987 588 1065 delige,
614 985 699 1061 qualis
720 984 772 1042 fuit
792 983 961 1056 Quintilius,
980 983 1026 1043 etti
1052 1001 1138 1060 quum
1167 979 1221 1040 ali·

271 1070 339 1142 quid
368 1069 524 1130 recitares,
549 1065 685 1132 dicebat:
720 1062 840 1140 Corrige
867 1063 986 1123 obsecro
1018 1079 1045 1120 te
1078 1064 1161 1129 hoc,
1185 1061 1220 1121 ὅ(

271 1147 335 1206 hoc,
379 1148 408 1206 Si
430 1145 560 1211 diceret,
589 1146 643 1219 jam
664 1142 719 1202 hoc
747 1160 810 1201 ante
831 1161 942 1202 mecum
963 1161 1020 1200 non
1044 1140 1129 1204 semel
1156 1158 1223 1216 pet·

272 1226 374 1299 pendi,
387 1227 443 1285 sed
465 1244 521 1282 rton
542 1222 617 1298 potui
640 1222 738 1282 melius
756 1221 875 1282 efficere.
916 1220 991 1280 Dele
1010 1219 1091 1297 igitur
1111 1236 1220 1286 totum,

273 1322 319 1364 aut
340 1303 413 1362 male
433 1319 540 1366 tornata
560 1302 684 1360 carmina
705 1302 792 1372 redde
812 1302 912 1362 iterum
930 1299 1035 1362 incudi.
1073 1299 1103 1360 Si
1127 1315 1155 1358 tu
1175 1317 1220 1362 ta-.

216 1406 222 1418 1
272 1404 338 1441 men
365 1383 463 1441 malles
492 1380 644 1440 defendere
668 1399 840 1452 peccatum,
870 1382 952 1453 quim
973 1378 1132 1457 corrigere,
1156 1379 1221 1438 nul·

272 1463 332 1522 lum
362 1467 432 1520 ultra
462 1459 583 1520 faciebat
610 1464 752 1525 verbum,
783 1475 828 1519 aut
858 1458 886 1515 in
912 1458 1083 1519 conlucendo
1107 1459 1221 1521 inanem

274 1543 400 1602 sumebat
420 1560 556 1615 operam:
587 1539 635 1597 sed
657 1556 719 1597 tuot
748 1539 799 1598 tibi
822 1541 935 1613 iubebat
963 1540 1066 1599 habere
1092 1558 1231 1606 amores,

246 1670 249 1675 .
272 1640 342 1696 quos
371 1617 426 1679 stne
446 1619 527 1681 rivali
551 1617 623 1676 solus
645 1637 771 1693 amares:
791 1617 940 1677 virbonus
964 1619 995 1676 ὅ(
1018 1620 1136 1693 prudens
1155 1637 1222 1680 uet-

245 1711 248 1715 ’
273 1701 316 1759 ius
343 1698 397 1758 line
421 1715 477 1758 arte
504 1697 709 1773 reprehendet,
739 1697 833 1757 duros-
849 1694 986 1774 culpabit,
1004 1696 1144 1758 incomtoa.
1170 1716 1223 1759 tre-⁴

226 1778 245 1814 ·“
273 1799 306 1838 ru
327 1795 374 1836 aut
392 1798 485 1855 ungue
506 1773 668 1854 transfiget,
698 1775 842 1838 ambitiosa
866 1777 897 1837 ὅ(
919 1775 1035 1854 puerilia
1058 1793 1222 1838 ornamenta

273 1856 479 1924 circumcidet,
508 1856 630 1916 obscuris
659 1857 752 1915 lucem
773 1859 839 1916 dare
859 1856 1112 1935 coget,‘ambigua
1140 1857 1221 1916 vitari

275 1936 409 2001 docebit,
431 1956 490 2012 quae
512 1933 609 1994 mutati
631 1935 751 2001 debent,
771 1935 886 1995 notabit.
927 1934 1006 1997 Volo
1032 1933 1153 2012 denique
1176 1956 1222 1995 re·

274 2017 351 2076 cium
372 2017 492 2089 judicent
514 2012 573 2073 lieri
597 2013 782 2072 Aristarchum
808 2014 887 2073 illum
917 2015 963 2091 qui
993 2015 1086 2075 omnia
1108 2019 1222 2075 notabat

275 2097 394 2160 acriter,
420 2097 451 2155 &
475 2092 543 2153 nibil
563 2090 750 2152 diiiimulabat
791 2096 858 2154 Nec
882 2093 956 2154 dicet
975 2091 1024 2158 illa
1054 2097 1138 2154 trita:
1161 2098 1222 2154 Cur

276 2195 333 2253 ego
353 2174 475 2234 amicum
496 2170 636 2233 offendam
652 2170 680 2228 iu
706 2171 809 2248 nugis?
852 2175 902 2230 Hae
929 2192 1008 2251 nugat
1032 2179 1133 2236 ducent
1155 2195 1221 2234 cre-

276 2254 375 2314 dulum
401 2254 511 2328 peiranr
541 2249 569 2308 in
599 2250 672 2310 mala
700 2253 777 2310 seria.
817 2256 895 2311 Nam
928 2273 1013 2329 quum
1044 2254 1129 2316 semel
1159 2252 1222 2312 talia

276 2335 360 2410 poita
391 2331 506 2407 coeperit
532 2329 585 2389 esse
619 2329 720 2390 derisui
747 2330 903 2396 omnibus,
935 2335 967 2392 d(
999 2333 1102 2395 finilire
1130 2333 1220 2410 vulgo

276 2411 359 2474 suerit
377 2427 526 2486 exceptus,
551 2408 631 2467 illum
656 2429 754 2470 omnes
774 2426 904 2487 tanquam
926 2414 1067 2473 vestinum
1094 2411 1221 2493 fugient,

277 2512 336 2552 uon
360 2490 438 2550 aliter
462 2507 496 2549 ac
521 2485 624 2566 sugitur
647 2486 723 2555 ille,
748 2489 794 2564 qui
809 2489 980 2567 'contagiosa
1014 2493 1107 2554 scabie
1135 2481 1221 2568 petu-

277 2570 373 2639 ritut,
396 2585 441 2629 aut
461 2565 540 2646 regio
561 2568 661 2626 morbo
689 2587 839 2644 gravatur,
867 2588 914 2629 aut
935 2592 1017 2647 quem
1045 2572 1129 2648 agitat
1150 2572 1221 2648 pha.

276 2651 384 2710 naticus
411 2669 511 2712 eatur,
535 2663 582 2706 aut
603 2646 671 2705 itata
693 2651 793 2706 Diana.
834 2651 929 2724 Itaque
950 2653 1103 2711 hunc‘non
1130 2652 1221 2712 solum

276 2729 325 2803 qui
351 2727 455 2802 sapiunt
475 2723 610 2804 fugitant,
636 2725 683 2784 sed
710 2726 813 2790 incauti
831 2727 907 2802 pueri
932 2731 1058 2810 agitant,
1082 2751 1150 2806 quos
1171 2730 1223 2790 ille

276 2807 427 2882 aliquando
448 2808 521 2865 male
546 2806 651 2864 multat.
692 2807 774 2864 Hanc
801 2827 874 2883 ego,
893 2810 911 2868 fi
931 2813 998 2871 dum
1025 2810 1131 2871 inflatos
1154 2831 1220 2870 vet-

277 2888 320 2945 sus
349 2884 486 2950 rudiatur,
509 2883 538 2942 in
560 2902 672 2955 puteum
700 2903 747 2944 aur
769 2886 797 2942 in
815 2888 949 2958 lorcam,
966 2909 995 2950 ut
1024 2911 1124 2967 anceps
1151 2892 1221 2948 dum

278 2964 405 3025 volantes
434 2965 527 3023 turdos
553 2963 696 3030 seclatur,
724 2964 860 3024 decidat:
890 2989 946 3027 non
972 2971 1108 3032 extollere
1139 2990 1219 3030 cura·

277 3062 358 3110 tem3
378 3044 442 3100 licet
460 3058 588 3102 contenta
608 3063 678 3102 voce
699 3044 850 3104 clamaret:
874 3050 1029 3110 Succurrlte
1049 3049 1145 3114 cives,
1162 3049 1220 3110 tol·

276 3121 327 3184 lite
354 3122 491 3182 claudum.
522 3124 598 3183 ,imo
625 3142 678 3198 ego
703 3122 799 3187 idem,
828 3125 929 3202 st'quis
957 3123 1042 3205 opem
1071 3129 1146 3190 ferre
1170 3149 1221 3186 ctt·

276 3220 339 3269 ret,
358 3200 481 3261 abiline,
502 3194 641 3268 dicessm,
660 3200 755 3259 sunem
776 3203 938 3266 demittere:
959 3229 1012 3268 nec
1030 3207 1105 3269 enim
1123 3205 1221 3284 aperte

275 3282 376 3342 scimus
402 3303 436 3340 art
463 3278 508 3338 hic
532 3281 617 3338 sciens
647 3281 676 3338 ὃ(
714 3280 812 3341 volens
847 3286 901 3342 buc
928 3288 955 3346 se
983 3287 1157 3352 immiserit,
1183 3288 1223 3346 ita

276 3377 306 3419 ut
330 3361 431 3418 servari
453 3358 531 3418 nolit.
573 3361 704 3418 Narrabo
728 3359 838 3436 insuper
865 3363 905 3422 illi
932 3367 1111 3439 Empedoclis
1132 3365 1223 3427 Siculi

272 3442 364 3514 poete
384 3456 521 3505 mortem,
542 3437 587 3512 qui
610 3440 677 3496 dum
696 3457 829 3508 conatur,
847 3443 891 3516 y&
915 3447 991 3522 cupit
1018 3446 1112 3507 haberi
1143 3449 1221 3508 neue

273 3519 458 3584 immortalis,
478 3518 507 3576 in
536 3535 670 3576 craterem
691 3519 809 3579 ardentis
830 3520 938 3582 AEthnae
965 3525 992 3587 se
1018 3524 1220 3593 uraecioitarit,

275 3620 312 3660 ne
332 3599 361 3659 in
386 3599 462 3659 terris
491 3613 612 3656 mortuus
639 3600 852 3677 conspiceretur.
893 3594 1070 3664 Concedatut
1096 3606 1151 3665 hoc
1176 3608 1222 3680 ju.

275 3680 312 3738 tis
334 3680 447 3753 peinis,
476 3677 552 3738 urse
581 3675 694 3751 impune
721 3677 816 3755 peffint
841 3680 986 3755 perimere.
1029 3686 1114 3744 Addo
1136 3683 1223 3746 etiam

275 3756 353 3818 idem
380 3758 432 3819 elle
455 3757 611 3833 cupientem
642 3753 712 3814 mori
746 3759 916 3832 probibere,
942 3784 974 3821 ac
1006 3764 1026 3821 st
1055 3784 1120 3825 eum
1145 3766 1225 3825 occi.

276 3837 367 3898 detes.
407 3838 547 3910 Nec-hoc
567 3855 640 3895 nuuc
661 3837 780 3911 primum
807 3840 944 3901 tentavit:
969 3862 1022 3902 nec
1044 3843 1062 3900 fi
1087 3844 1225 3905 extrudite

276 3915 347 3988 erit,
368 3919 423 3993 jam
441 3915 489 3990 liet
509 3918 617 3995 bomo,
643 3935 709 3990 uum
735 3917 807 3988 hauc
825 3937 947 3996 mortem
970 3921 1057 4004 sperat
1078 3921 1126 3987 sbi
1146 3922 1226 4066 imi
1259 3979 1268 4012 r

1044 4024 1046 4029 ’
1160 4022 1228 4084 otta
