2859 4709
327 379 343 418 l

330 499 386 554 na
412 496 525 557 stru
550 485 712 558 Onam
754 481 870 563 Lim
895 486 1005 567 dtr.
1107 500 1181 586 349·

205 607 252 683 iic
283 616 405 687 eodem
439 607 573 690 nomine
606 642 672 708 quo
706 617 811 688 amnis
839 615 907 691 est,
940 615 967 687 'a‘
986 614 1181 691 Themilla-

207 733 263 780 ora
278 713 414 785 Milesio
440 717 620 787 dedudlum
643 716 818 804 oppidum·
862 715 930 785 Hic
957 714 1080 810 Phryxi
1101 735 1182 784 tem·

208 805 294 888 lum,
321 809 358 884 ὃ(
385 813 501 893 lucus,
524 811 634 883 fabula
660 830 773 882 vetere
799 810 893 898 pellis
917 832 1023 881 aureae
1051 810 1182 881 nobilis.

209 901 274 986 linc¹
303 908 366 978 orti
394 931 551 986 montes,
577 912 681 1002 longo
708 908 740 975 le
765 906 870 1000 jugo,
895 907 931 979 δι
963 909 1069 976 donec
1096 907 1182 978 Rhi-

211 999 284 1073 ltaeis
303 1004 544 1100 conjungantur
566 1007 807 1098 exporrigunt:
834 1006 891 1093 qui
914 1006 1012 1073 altera
1038 997 1192 1086 partein

212 1101 352 1172 uxinum
374 1104 409 1174 tlt
431 1103 650 1176 Maeotida&
666 1102 821 1176 Tanain,
847 1103 945 1172 altera
968 1104 999 1168 in
1026 1098 1185 1189 Caspium

213 1195 318 1292 alagus
347 1198 501 1276 obversi,
528 1199 687 1273 Ceraunii
712 1201 877 1269 dicuntur.
924 1199 1036 1269 lidem
1063 1195 1186 1267 alicubi

214 1292 346 1374 aurici,
373 1296 535 1375 Moschi,
570 1295 793 1380 Amazonici,
827 1295 966 1386 Caspii,v
1006 1288 1187 1376 Coraxici,

216 1389 322 1461 aucali
346 1411 383 1460 ut
408 1392 478 1460 aliis
503 1389 636 1480 aliisque
667 1391 805 1482 appoliti
834 1393 1015 1484 gentibus,
1045 1391 1088 1474 ita
1116 1389 1187 1461 aliis

215 1485 315 1578 iisque
342 1487 423 1556 diui
448 1485 651 1559 nominibus.
705 1495 750 1556 At
786 1489 819 1556 in
855 1489 964 1573 primo
992 1483 1084 1559 flexu
1120 1488 1187 1579 jam

216 1583 277 1654 trvi
302 1581 419 1654 littoris
445 1585 608 1674 oppidum
638 1583 705 1664 est,
731 1589 822 1674 quod
847 1584 962 1659 Gnaei
987 1578 1188 1656 mercatoies

216 1676 405 1756 militudie,
431 1676 467 1750 dt
496 1679 572 1772 quia
600 1704 677 1752 cnm
712 1704 797 1752 caeca
826 1678 1017 1770 tempestate
1044 1706 1188 1774 ageren-

216 1799 263 1854 ιτ,
281 1774 403 1868 ignaris
423 1800 497 1866 quae
520 1796 614 1846 terrae
640 1773 737 1853 esset,
761 1778 878 1872 Cygni
903 1800 969 1845 vox
994 1795 1105 1846 notam
1129 1780 1188 1849 de·

216 1889 299 1949 erat,
329 1871 493 1966 Cygnum
519 1871 692 1963 appellasse
719 1875 883 1975 dicuntur.
925 1872 1081 1963 Reliqua,
1098 1871 1188 1962 ejus,

219 1992 263 2038 rae
281 1969 479 2061 incultaque
498 1991 635 2061 gentes,
657 1968 748 2040 vallo
771 1972 853 2040 man
870 1969 1043 2039 affidentes
1063 1987 1189 2042 tenent.

217 2065 452 2145 lelancltlaeni‚
489 2067 639 2145 Curari,
679 2064 947 2159 Phthiropbagi‚
983 2065 1191 2151 Heniochi,

218 2160 337 2244 chari,
365 2163 539 2236 Cercetici.
586 2165 627 2233 Et
659 2161 726 2255 jam
764 2163 795 2233 in
832 2161 988 2233 confinio.
1008 2162 1191 2235 Moeoridis

219 2260 300 2352 qudi.
360 2262 401 2330 ln
439 2259 697 2333 Heniochorum
731 2258 877 2340 linibus,
908 2256 1136 2338 Dioscurias,
1171 2257 1190 2339 'a

219 2354 327 2431 {aslore
362 2357 398 2430 ἃ
439 2357 573 2430 Polluce
598 2379 843 2448 pontumcum
871 2355 990 2438 Jasone
1018 2355 1191 2451 ingreffisr

220 2455 344 2547 nudos,
373 2455 405 2522 in
438 2456 658 2547 Syndonum‚
692 2453 733 2523 ab
762 2453 837 2544 ipsis
864 2474 1027 2526 terrarum
1053 2452 1192 2525 cultori·

221 2573 250 2620 rs
276 2552 407 2620 condita
433 2550 488 2619 esl.
533 2551 679 2644 Obliqua
709 2569 786 2622 tunc
812 2551 929 2644 regio,
958 2549 995 2622 ὅ(
1021 2551 1054 2619 in
1087 2550 1192 2621 latum

226 2644 320 2718 odite
349 2664 491 2738 patens,
516 2647 599 2717 inter
628 2651 772 2719 Pontum
797 2648 1018 2739 paludemque
1045 2646 1087 2714 ad
1113 2643 1192 2715 Bos—

222 2767 335 2813 torum
364 2747 533 2823 excurrit,
562 2769 636 2836 quae
664 2746 795 2817 duobus
821 2744 922 2820 alveis
949 2744 982 2816 in
1013 2743 1123 2835 lacum
1155 2740 1193 2822 dr

250 2862 340 2909 mare
362 2839 556 2930 profluens,
576 2841 877 2912 Corocondamam·
893 2840 1097 2931 peninsulam
1114 2833 1193 2909 red·

226 2958 247 3006 r.
292 2938 448 3027 Quattuor
474 2934 572 3008 urbes
595 2937 641 3008 ibi
667 2935 758 3011 sunt,
788 2933 1025 3019 Hermonassa,
1058 2935 1193 3026 Cepoe,

222 3033 420 3127 hanagoria‚
445 3034 480 3107 ὅ(
504 3034 536 3102 in
562 3033 634 3124 ipso
662 3057 721 3103 ore
752 3033 988 3105 Cimmerium.
1041 3032 1117 3105 Hac
1144 3031 1195 3100 in·

222 3129 316 3198 ressos
357 3130 443 3201 lacus
476 3131 592 3220 accipit
627 3131 728 3220 longe
765 3131 895 3222 lateque
917 3125 1090 3209 diffusum
1130 3123 1194 3219 quit

223 3246 292 3293 >tras
315 3227 440 3318 tangit,
468 3229 606 3298 incurvo
635 3227 841 3300 circundatus
867 3227 998 3301 littore,
1021 3249 1084 3316 qua
1112 3223 1194 3293 mari

223 3320 328 3410 :opior
360 3323 406 3392 eli
434 3320 606 3414 (nili'ubi
632 3320 798 3412 aperitur)
827 3320 916 3415 quasa
949 3323 1098 3411 margine
1124 3319 1194 3388 ob·

223 3419 348 3494 adius,
383 3420 464 3495 citra
507 3419 804 3510 magnitudinem,
845 3439 952 3508 prope
995 3419 1103 3487 Ponto
1148 3413 1195 3483 sr-

223 3514 278 3582 titis
310 3515 417 3584 Oram
454 3539 527 3606 quae
565 3515 582 3585 a
621 3510 795 3604 Brsphoro
834 3516 875 3583 ad
918 3513 1061 3583 Tanaim
1091 3509 1195 3604 usque

223 3609 408 3692 enectine,
442 3612 595 3683 Maeotici
630 3608 778 3679 incolunt
812 3609 998 3689 Toreatae,
1037 3605 1197 3689 urrinni,

225 3704 354 3775 hicores
372 3704 404 3788 ,“
423 3705 460 3780 dc
499 3705 582 3777 ollio
618 3704 763 3776 fluminis
800 3705 947 3794 proximi
983 3699 1199 3775 Iaxamatae·

224 3803 303 3893 rpud
337 3825 396 3872 eos
431 3800 560 3874 easdem
594 3821 678 3873 artes
709 3798 860 3872 foemina
894 3823 974 3898 quas
1004 3799 1065 3870 viri
1095 3800 1198 3869 exer-

224 3919 294 3978 ent,
310 3899 415 3980 adeo,
435 3920 472 3972 ut
488 3894 529 3972 nd
550 3897 663 3968 militia
690 3897 824 3993 quidem
842 3918 969 3968 vacent.
1013 3895 1089 3968 Viri
1106 3893 1200 3986 pedi·

225 4020 259 4067 us
295 3993 452 4066 inherent
483 3995 667 4092 sagittisque
697 4001 920 4091 depugnant:
954 3991 1021 4067 illae
1052 3989 1215 4078 equestre

220 4092 346 4171 raeliunr
372 4094 499 4171 ineunt.
556 4094 636 4171 Nec
673 4091 770 4164 ferro
809 4091 1014 4180 dimicante
1042 4083 1112 4156 itia
1147 4096 1234 4166 W

311 4181 349 4231 ·‘
685 4193 842 4291 Mm3
1124 4171 1234 4258 xenia<
