2859 4709
254 408 325 496 364
456 352 1162 482 llari.Pon1¹1⁴1nte1¹7¹
1219 411 1270 486 “.

328 548 464 625 Arbor,
487 548 528 624 Ψ
551 550 659 637 ascitis
682 550 812 619 nativas
835 544 941 634 inserit
965 539 1120 621 umbra,

254 647 521 725 210Auricomae
538 649 656 740 jubare
681 667 794 715 exarto
820 648 859 715 de
883 640 1022 712 nubibus
1043 640 1162 727 adsunt

325 744 444 821 Hora,
475 768 544 834 quae
570 745 634 815 caeli
659 762 791 832 portas,
816 762 910 835 atque
934 739 1023 807 atria
1037 735 1186 822 servant.
1274 755 1278 834 q

325 835 421 923 Quas
436 839 517 910 Jove
527 841 621 932 plena
639 840 790 915 Themis,
810 839 913 908 nitido
927 834 1152 928 pulcherrima
1164 854 1245 930 parttt
1275 846 1279 922 ξ

328 933 460 1012 Elidit,
484 937 651 1028 Itemque,
677 935 821 1026 Diceque
848 932 888 1009 (ι’
913 933 1015 1001 mixta
1037 935 1167 1023 parenti
1276 933 1278 992 ἶ

328 1032 501 1108 Ειιιιοιιιὶι,
524 1053 716 1125 carpuntque
740 1032 895 1101 recenteis
916 1027 1036 1121 pollice
1057 1026 1167 1117 fatus.

257 1142 325 1217 215
341 1123 433 1213 Quas
456 1131 536 1197 inter
567 1130 682 1224 Stygio
708 1149 851 1197 remeans
878 1124 1076 1218 Proserpina
1100 1147 1208 1220 regno,

329 1224 489 1314 Comptiot
512 1228 555 1294 ad
578 1245 709 1293 matrem
729 1241 900 1317 properat,
922 1243 1027 1290 comes
1051 1220 1138 1291 alma
1154 1214 1244 1303 satori

328 1318 361 1383 1⁸
381 1318 510 1398 Venus,
535 1320 576 1395 (7
602 1320 760 1394 Venerem
779 1319 877 1410 parvi
903 1318 1102 1387 comitantur
1121 1337 1242 1395 amores,
1273 1345 1275 1354 ·

331 1409 487 1504 l'loraqne
513 1417 631 1500 lasciva
652 1436 747 1510 parat
768 1415 874 1501 oscula
895 1435 996 1509 grata
1021 1413 1152 1484 marito.
1284 1431 1286 1438 '

330 1507 371 1573 In
395 1511 506 1581 mediis
530 1512 669 1597 resaluta
690 1537 796 1585 comas
819 1509 938 1582 nudata
960 1510 1111 1604 papillas

259 1620 330 1681 220
339 1605 462 1688 Ludit,
482 1606 523 1681 (ι’
548 1609 672 1678 alterno
693 1630 811 1680 terram
833 1593 915 1704 pede
935 1606 1053 1678 Gratia
1073 1602 1189 1702 pulsat·
1279 1675 1281 1680 .

333 1703 406 1771 Uda
432 1703 542 1774 choros
567 1709 670 1802 agitat
696 1706 805 1786 Nais,
828 1704 963 1776 decurrit
993 1703 1104 1773 Oreas

330 1801 448 1868 Monte
465 1800 526 1885 sua
548 1803 694 1895 linquunt
708 1799 828 1889 faciles
851 1804 936 1896 juga
960 1798 1046 1883 celsa
1072 1802 1206 1894 Napaeae.
1279 1829 1286 1862 ·.

334 1896 408 1965 Nec
433 1897 539 1967 latitat
559 1896 614 1981 snlr
636 1898 751 1983 fronde
768 1901 899 1997 Dryas,
924 1920 988 1965 non
1005 1896 1121 1986 jubila
1139 1889 1223 1965 Fauni

335 1992 500 2074 Fundere,
523 2018 585 2064 non
603 1996 726 2089 junllr's
754 1996 866 2092 Satyri
886 1995 962 2063 dare
978 1988 1083 2083 sibila
1109 1991 1224 2069 cantis,
1283 2057 1293 2072 ..

261 2089 413 2183 225Nec
443 2093 583 2181 querulae
608 2083 718 2181 eeffant
745 2110 885 2162 tenerum
912 2089 1032 2160 tinnire
1063 2090 1209 2161 volucres.
1284 2109 1293 2172 ς

336 2184 503 2253 Flullilrus
523 2189 689 2282 Alcyone,
717 2185 812 2273 densa
834 2186 1009 2283 philomela
1025 2182 1091 2270 sud
1116 2182 1230 2264 umbra,
1287 2215 1294 2268 r·

336 2283 443 2349 Cunus
465 2284 534 2352 olor
560 2286 663 2378 ripis,
687 2284 769 2356 tello
795 2309 880 2379 vaga
903 2284 1013 2376 plorat
1039 2279 1185 2350 hirundo.
1291 2275 1294 2360 Ῑ

293 2393 296 2408 ’
335 2377 422 2445 Lene
440 2375 590 2462 susurrat
615 2382 708 2472 apis,
732 2383 885 2474 plenoque
901 2369 1080 2472 saporibus
1097 2380 1191 2447 'alvea
1290 2391 1294 2396 '

336 2471 484 2543 Candida
508 2476 682 2566 multifarie
701 2477 822 2563 solidat
842 2469 1040 2568 fundamina
1067 2497 1162 2544 cerae.

264 2569 520 2660 230Colluduut
535 2590 597 2664 per
615 2592 711 2665 prata
735 2597 877 2667 greges,
901 2594 995 2666 atque
1024 2595 1120 2641 omne
1142 2571 1219 2641 beato

336 2668 471 2762 Flagrat
493 2694 599 2739 amore
624 2693 753 2751 nernus,
771 2672 919 2762 juvenem
946 2670 1068 2755 lasciua
1098 2669 1232 2737 maritum

336 2766 410 2832 fert
432 2790 533 2859 equa,
547 2763 618 2852 ferr
642 2786 733 2859 tergo
749 2765 918 2848 salientem
939 2765 1056 2834 bucula
1080 2782 1221 2844 taurum,

337 2864 555 2957 Setigeraeque
569 2861 687 2947 subant
710 2883 847 2943 matres,
870 2866 1013 2934 decertat
1036 2884 1167 2931 amator
1262 2897 1267 2904 ·

337 2957 454 3024 Fronte
479 2962 586 3039 aries,
612 2959 724 3036 avidos
750 2958 871 3028 olidum
890 2975 990 3050 pecus
1012 2959 1133 3051 accipit
1160 2957 1249 3026 lrirtot·

267 3051 501 3145 2356'pee'lant
527 3053 621 3148 innisi
645 3053 789 3137 baculis,
809 3054 1016 3148 gaudentque
1043 3051 1201 3149 magistri.

340 3150 420 3217 Inde
446 3149 501 3218 ulti
522 3172 730 3249 praegnantes
754 3169 854 3244 partu
881 3153 1008 3221 Lucina
1034 3153 1159 3221 recenti

336 3246 446 3316 Solvit
475 3267 511 3315 nt
534 3267 677 3343 erraequet
699 3268 825 3317 numero
845 3244 965 3335 futura
987 3266 1173 3341 parentes,

338 3341 409 3429 Ipse
427 3341 559 3425 rudem,
582 3370 645 3436 nec
662 3343 766 3414 adlruc
793 3339 926 3440 vestigia
949 3363 1039 3414 certa
1063 3361 1257 3438 prementem,

337 3440 413 3508 fert
421 3438 563 3523 sobolem
579 3437 779 3535 gremiotsed
794 3465 894 3528 ovem,
902 3439 1107 3535 graeilemve
1124 3440 1257 3535 capellum

269 3534 463 3623 zqunifas
485 3539 614 3607 humero
626 3536 743 3623 sulit,
761 3559 855 3631 atque
879 3538 911 3605 in
926 3534 1085 3628 stramine
1108 3535 1196 3607 malli

340 3634 505 3724 Campanit
517 3631 632 3725 senfim
652 3628 784 3725 pastae,
802 3633 983 3728 stabuloque
1008 3636 1171 3706 recondit.

337 3731 427 3797 Mox
450 3750 484 3799 ut
511 3730 728 3805 convaluere,
748 3730 845 3801 rubos
870 3732 936 3801 lraec
960 3727 1096 3824 rupibus
1120 3727 1215 3808 altit,

339 3825 407 3893 Illa
433 3851 540 3897 reeens
569 3846 677 3918 campo
698 3849 837 3919 gramen
865 3832 1005 3923 decerpit
1029 3826 1173 3921 aprico,

338 3922 412 3989 Aut
435 3921 553 3995 dalreis
574 3922 682 4017 gelido
709 3920 851 3994 delibant
878 3949 969 3994 amne
995 3923 1168 4016 liquores,

266 4028 335 4109 245
348 4016 391 4087 Ut
404 4014 469 4110 sua
489 4016 640 4123 carttlnsn
666 4036 705 4093 ne
731 4013 833 4119 clestnt
853 4021 971 4116 pocula
997 4023 1112 4107 natis,

531 4167 534 4171 .
1056 4164 1063 4174 .
1178 4119 1269 4210 thue
