2859 4709
206 393 277 467 314
411 372 482 443 Iu
533 337 999 446 Aun1Pan's11

202 494 363 578 testetur,
383 494 557 586 inquiens:
576 498 679 569 ,Anne
701 494 768 565 hoc
790 494 962 583 ferendum
982 492 1051 572 etl,
1074 505 1115 565 ut
1136 492 1206 584 quis

203 615 369 672 runcanS,
409 594 445 662 ll(
481 591 625 681 depilans
654 615 816 681 penem,
847 594 883 666 or
912 595 1098 684 podicem,
1130 613 1207 680 pan·

205 689 257 758 dar
285 688 412 781 populo
437 691 620 760 marcidum
645 691 821 780 podicem,
846 714 945 781 quem
975 688 1112 762 vulvam
1142 710 1204 776 po·

204 786 275 876 puli
308 785 414 876 aptius
444 783 616 856 dixerim?
658 785 752 857 Huic
781 788 957 882 detrudori
990 786 1103 876 potius
1135 783 1203 856 har

204 885 425 975 quadrarent:
457 883 516 952 Tu
550 906 656 974 quum
683 883 795 974 pedlas
828 881 964 954 barbam
1000 880 1142 971 crispam
1170 876 1205 950 dr

202 980 388 1070 prolixam,
420 975 456 1051 &
482 977 659 1073 unguentis
689 977 824 1070 optimis
850 1003 1006 1075 unguas,
1036 1001 1123 1070 quur
1149 999 1204 1046 ex·

203 1076 284 1166 pilas
312 1077 348 1149 dr
375 1077 534 1147 detondes
561 1075 704 1168 inguinis
738 1078 1004 1169 gurgulionem,
1035 1076 1073 1148 ll:
1100 1066 1204 1143 naresi

157 1241 163 1261 ,
203 1195 280 1242 nam
304 1173 345 1242 ita
373 1169 514 1243 horridis
538 1172 612 1261 pilis
637 1170 849 1253 vestiuntur,¹
866 1191 904 1244 ut
929 1198 946 1244 a
973 1172 1121 1265 quinque
1151 1191 1206 1261 pa·

203 1266 339 1362 laellritis
366 1269 500 1340 aduncis
526 1268 701 1340 forficibus
725 1271 858 1340 armatis
880 1268 937 1340 virt
957 1268 1056 1357 evelli
1072 1266 1203 1358 pollintr

204 1363 240 1435 &
262 1363 285 1434 st
311 1362 524 1445 revellantur,
555 1364 761 1438 renascentur
787 1364 902 1456 saepius
925 1382 964 1436 ut
988 1365 1114 1445 filices,
1136 1386 1205 1455 quae

203 1460 295 1531 nullo
323 1457 451 1548 poliunt
479 1479 586 1534 aratro
610 1461 773 1552 extirpari.
815 1464 869 1534 Sic
892 1462 1017 1533 vivitur
1036 1461 1103 1531 hoc
1127 1459 1203 1531 aevi:
1246 1542 1248 1549 Α

203 1558 362 1628 caedimus
399 1555 538 1639 hostes,
559 1559 610 1635 1&
635 1557 837 1633 caedentibus
864 1576 959 1653 terga
991 1559 1134 1640 damus,
1164 1552 1204 1625 src
1247 1606 1248 1659 l

204 1655 360 1723 novimus
385 1654 554 1725 vindicari.
1246 1662 1248 1677 '

252 1751 319 1821 Sed
336 1747 396 1819 tibi
421 1751 516 1831 dico,
558 1749 748 1835 dulescens,
770 1768 808 1824 tu
825 1748 1051 1824 absconditum
1075 1745 1135 1821 sub
1153 1745 1205 1818 ilia

201 1845 322 1919 vulnus
349 1845 471 1929 habes,
496 1777 556 1920 serl
578 1847 731 1922 baltheus
754 1851 818 1920 lato
849 1873 930 1922 auro
961 1848 1111 1941 protegit
1136 1845 1206 1919 vul·
1246 1908 1248 1915 .

203 1967 265 2014 nus
287 1969 328 2015 ne
354 1965 524 2035 appareat:
552 1944 606 2017 led
631 1964 667 2018 tu
684 1947 906 2039 progredere,
928 1944 1135 2020 &homines
1155 1944 1208 2013 de·

152 2058 157 2065 ’
203 2042 298 2131 cipe,
326 2042 393 2111 imo
422 2061 498 2115 tuos
524 2036 643 2115 nervos
670 2040 707 2115 ὅ(
735 2045 853 2128 vires,
885 2042 909 2115 li
934 2060 1049 2134 potes,
1080 2042 1205 2136 ignora.

202 2139 285 2218 An,
310 2136 332 2208 ὸ
359 2137 559 2219 Persr,‘non
584 2141 718 2209 credam
745 2141 806 2210 toti
830 2163 914 2210 meae
940 2139 1103 2218 viciniae,
1135 2159 1208 2230 quae

202 2259 257 2303 me
283 2255 396 2321 aptum
417 2234 649 2331 &egregium
670 2258 761 2308 tanto
786 2235 915 2307 muneri
941 2234 1100 2306 obeundo
1122 2253 1206 2324 prae·

203 2329 314 2400 dicati
348 2333 395 2401 Ar
420 2353 488 2424 ego
515 2335 606 2423 quod
637 2357 731 2405 aures
764 2333 891 2406 bibulas
923 2333 1059 2424 popello
1088 2352 1209 2424 porre-

202 2428 318 2505 xeris,
346 2423 521 2508 insanum,
548 2428 585 2502 &
610 2430 709 2501 eriam
736 2450 901 2522 aegrotum
931 2429 1113 2501 ostendam.
1152 2426 1209 2496 Tu

184 2519 272 2593 'vilo
294 2547 397 2596 numo
418 2523 536 2617 palles,
559 2543 595 2597 tu
618 2525 698 2597 facis
723 2529 878 2620 quicquid
905 2526 996 2596 venit
1024 2528 1060 2595 in
1088 2547 1210 2617 penem

189 2615 268 2691 ¹fine
294 2640 425 2691 mente:
456 2638 492 2692 tu
517 2622 626 2712 puteal
651 2622 816 2704 Libonis,
841 2621 877 2695 δι
903 2624 1036 2716 negotia
1064 2618 1208 2692 forenna

201 2712 415 2808 frequentas:
445 2717 576 2810 Respue
607 2721 698 2811 quod
729 2742 796 2787 non
832 2741 891 2788 es:
922 2722 979 2812 qui
1009 2723 1114 2791 cerdo
1144 2715 1209 2794 eil,

202 2815 420 2885 cordonicam.
438 2834 598 2886 exerceat.
640 2817 776 2885 Tecum
802 2812 927 2887 habita:
951 2833 1029 2888 tunc
1055 2839 1138 2888 vere
1164 2814 1214 2885 in-

202 2909 330 3004 telligas
357 2934 456 3004 quam
485 2932 577 2985 curta
602 2909 801 3004 supellectile
823 2913 987 3005 glorieris.

468 3102 896 3223 '8:CHOLIA.

186 3307 188 3311 ‘
300 3297 406 3371 Uibus
433 3296 542 3369 verbis
568 3298 714 3369 deterret
742 3298 894 3368 Socrates
922 3297 1159 3386 Alcibiadem,
1179 3321 1216 3373 ne

149 3404 152 3411 '
315 3393 556 3487 rempublicam
579 3391 721 3484 capellat
745 3393 932 3495 adolescens
953 3395 1216 3488 &gubernandi

202 3495 395 3585 imperitus:
423 3490 537 3562 iisdem
564 3487 691 3561 Persius
714 3493 839 3588 pungit
865 3493 1068 3575 Neronem,
1092 3492 1152 3566 sed
1178 3517 1215 3567 ne

203 3591 356 3663 videatur
381 3590 415 3659 in
444 3591 623 3661 Neronem
649 3587 784 3666 dicere,
809 3587 918 3660 verbis
938 3590 1117 3663 Socraticis
1137 3589 1218 3663 obli·

204 3712 270 3777 quc
288 3690 401 3760 utitur.
443 3688 512 3759 Sed
535 3705 645 3758 tamen
661 3683 703 3752 ad
722 3685 878 3757 ordinem
895 3685 1091 3759 Romanum
1118 3688 1217 3762 verba

203 3784 283 3856 facit
315 3787 398 3856 dum
420 3785 524 3856 utitur
538 3802 540 3809 '
554 3783 616 3854 hac
643 3802 753 3865 voce,
778 3782 940 3873 Quirites.

253 3907 288 3973 p.
305 3885 385 3958 282.
412 3881 534 3955 Rerum
547 3877 723 3981 prudentio
743 3882 875 3977 veroa.)
904 3883 1013 3976 Adag.
1035 3885 1130 3955 Arne
1147 3880 1219 3952 har·

200 3977 272 4055 lton
293 3981 387 4053 dores
404 3977 510 4068 senes.

1080 4096 1115 4166 p.
1131 4074 1213 4166 283.
