2859 4709
242 418 317 511 mu
451 411 1041 489 huronrnrunnc

242 569 316 634 rep.
340 539 398 612 nili
426 545 517 636 quod
545 541 660 614 ultima
685 541 854 612 neceffitas
885 539 1106 618 admonebat,
1137 536 1248 611 admii

244 636 449 723 nilltabatur.
479 639 671 710 Plutarchus
687 642 787 708 etiarn
804 637 837 707 in
853 641 1010 709 Romanis
1024 632 1248 734 quaestionibus

244 735 316 807 hacc
342 736 462 828 tetigit.
513 736 548 804 Si
575 759 659 828 ergo
683 734 792 824 pallor
816 734 1028 826 proposuillet
1049 730 1248 829 quaestionem

244 829 318 902 stc:
350 831 485 922 Quibus
509 830 542 900 in
573 832 665 900 terris
680 832 832 902 Mundus
856 849 961 922 parret
984 854 1043 920 per
1066 851 1131 900 tres
1158 829 1249 907 dics,

245 926 349 1000 facilis
364 944 432 997 erat
452 925 587 999 solutio:
615 929 679 998 Sed
702 951 765 1017 pro
781 929 907 998 mundo
923 929 1005 996 dixit
1023 927 1172 1010 coelum3
1186 946 1247 1014 pro

244 1024 352 1096 tribus
381 1022 529 1103 diebus,
563 1024 643 1094 dixit
667 1041 735 1093 tres
759 1023 879 1106 ulnas,
900 1023 1067 1113 accipiens
1095 1023 1247 1092 videlicet

245 1119 433 1193 mensuram
454 1117 621 1201 usualem,
635 1143 696 1211 pro
722 1118 873 1190 mensura
890 1121 1070 1211 temporis,
1096 1115 1246 1212 quisunt

245 1219 328 1289 dies.
1227 1250 1230 1261 t

292 1313 441 1409 Inscripti
466 1313 594 1384 nomino
621 1335 692 1407 reg.
732 1311 909 1404 Postquam
934 1311 966 1379 in
985 1307 1139 1381 Paulania
1162 1307 1250 1403 legi,

243 1406 335 1480 hunc
358 1409 479 1480 florem
505 1405 537 1477 se
560 1406 670 1477 vidille
699 1407 731 1476 in
759 1409 943 1482 Salamine,
974 1405 1051 1476 desii
1079 1431 1249 1499 quaerere,

246 1505 361 1598 quales
383 1505 442 1575 sint
455 1546 467 1585 ‚
481 1519 536 1574 aut
559 1501 616 1573 ubi
633 1501 698 1573 ‘sint
720 1504 755 1573 hi
780 1505 890 1576 flores.
926 1501 1127 1598 Olicndt'tur,¹
1143 1505 1248 1596 inquit

245 1601 302 1671 tit.
323 1623 355 1674 1.
387 1602 551 1677 Salamine
570 1602 698 1687 fuxum,
728 1619 802 1673 caet.
841 1603 994 1680 Tradunt
1029 1601 1148 1671 incolae
1173 1598 1248 1691 poll

244 1697 358 1767 Aiacis
392 1698 559 1768 interitum
587 1697 676 1786 apud
703 1694 735 1767 se
768 1700 916 1788 primum
940 1699 1059 1769 florem
1091 1717 1247 1777 enatum,

244 1793 456 1877 candidum,
489 1793 664 1863 rubentem
698 1796 830 1865 modice
847 1795 965 1880 lilio,
1007 1817 1083 1863 cum
1119 1794 1247 1864 caeteris

243 1891 413 1980 partibus,
442 1908 514 1962 tum
538 1887 638 1960 foliis.
653 1888 843 1982 minorem,
868 1891 1055 1983 inscriptum
1079 1913 1163 1963 vero
1188 1887 1246 1961 iis-

243 1985 346 2069 dem,
371 1987 491 2082 quibus
517 1984 749 2080 Hyacinthum
776 1986 886 2060 literis.

516 2185 972 2278 uctoontv.
1058 2231 1060 2234 -

294 2369 429 2444 Titulos
464 2367 666 2464 Eclogarut'n
703 2396 771 2443 non
803 2370 1098 2466 elle-Virgilianos
1123 2375 1176 2446 vel
1204 2403 1245 2450 ex

245 2465 308 2540 hac
334 2471 449 2561 ecloga
474 2465 611 2555 judicati
645 2469 779 2559 potest,
804 2467 995 2559 supposititii
1025 2467 1124 2546 sunt,
1155 2463 1257 2546 velut

244 2567 386 2636 odarum
401 2565 437 2636 ὃ(
450 2566 740 2656 epigrammatum.
781 2566 877 2655 Quid
891 2569 978 2634 enim
994 2563 1147 2636 scribatur
1164 2571 1254 2640 Pot-

244 2660 309 2742 lio,
334 2682 389 2732 aut
413 2663 608 2733 Saloninus:
633 2660 834 2732 tolerabilior
858 2664 970 2734 titulus
996 2681 1085 2740 erat,
1107 2665 1165 2753 qui
1191 2666 1245 2735 ali·

243 2754 324 2826 cubi
351 2756 492 2850 legitur,
511 2758 739 2854 Interpretntin
760 2760 849 2828 aurei
859 2759 987 2846 sacculi.
1025 2759 1245 2831 Acculiretur

243 2850 422 2943 majestatis
449 2854 573 2936 Maru,
598 2855 621 2924 st
647 2857 779 2926 vivente
804 2855 960 2950 Augusto
990 2857 1030 2924 de
1063 2854 1245 2939 Pollionis,

244 2946 301 3018 vel
325 2944 457 3018 alterius
481 2947 549 3017 filio
574 2949 768 3023 saeculorum
796 2950 1059 3037 instaurationem
1083 2950 1246 3022 adscribe·

243 3060 307 3114 tet.
354 3043 424 3114 Res
449 3041 492 3113 fic
517 3043 624 3116 habet.
667 3042 812 3142 Legerat
835 3042 999 3140 Virgilius
1013 3046 1148 3119 Sibullae
1173 3073 1246 3119 car·

239 3140 365 3221 mina,
395 3153 445 3211 'ex
471 3138 589 3230 quibus
624 3143 746 3216 Christi
775 3146 952 3216 adventum
981 3144 1246 3235 appropinquare

244 3235 433 3328 colligebat.
459 3235 639 3309 Constituit
660 3265 743 3334 ergo
758 3264 890 3312 carmen
904 3241 1133 3335 genethliacon
1148 3243 1241 3337 Aug.

243 3332 316 3403 lilio
346 3331 507 3404 nascituro
538 3360 752 3425 componere.
812 3341 857 3407 At
896 3342 984 3408 dices
1011 3337 1144 3429 quinam
1177 3356 1247 3411 erat

244 3428 301 3499 ille
331 3431 421 3523 Aug.
450 3427 537 3503 fitius
557 3472 567 3510 ‚
589 3430 699 3522 ‘ituum
727 3434 918 3528 ¹Augustum
950 3436 1074 3504 conllet
1103 3431 1245 3506 mascula

244 3528 339 3616 prole
357 3521 499 3597 caruille.
527 3530 618 3601 Audi
633 3529 829 3602 Suetonium
850 3526 1062 3626 inAugnsso:
1082 3533 1246 3604 ExLivia

243 3623 328 3693 nihil
354 3623 522 3695 liberorum
549 3625 646 3700 tulit,
679 3650 773 3720 quum
798 3627 935 3698 maxime
960 3648 1103 3723 cuperet:
1135 3626 1246 3718 infans

245 3721 301 3813 qni
317 3737 484 3812 conceptus
507 3742 595 3815 erat,
617 3723 803 3793 immaturus
825 3720 868 3815 est
890 3726 1002 3795 cditns.
1050 3723 1118 3796 Sibi
1142 3725 1246 3818 igitur

242 3813 455 3902 persuadebat
483 3817 668 3910 Virgilius,
692 3819 815 3898 illum,
849 3844 949 3910 quem
964 3838 1065 3891 ¹vates
1093 3836 1248 3891 canerent

243 3929 443 3996 venturum,
465 3937 532 3984 non
552 3914 648 3997 alibi,
680 3938 779 4007 quam
802 3910 952 3993 Romae,
986 3941 1053 3988 non
1079 3916 1144 3988 alio
1175 3942 1246 4008 po-

242 4007 330 4084 tiore
349 4020 465 4096 patre,
481 4034 581 4104 quam
603 4008 888 4106 ebertramnus,
902 4036 964 4085 nec
983 4014 1245 4108 aliotctnpoce»

645 4159 648 4165 -
1146 4133 1248 4206 quam
