2859 4709
309 434 367 494 uta
390 437 503 496 snru
527 360 694 498 Oasis.
731 422 846 498 Lim.
870 425 906 498 C.
924 426 961 517 72
1088 434 1160 517 533

212 700 215 705 ⁸
349 568 902 682 ,canurvu

205 728 220 839 ,Ῐ
328 769 964 855 ¹Arttrcaniitron.

205 933 338 1108 &Egla
362 962 435 1030 quae
458 940 604 1035 sequitur
619 939 647 1012 d
672 940 904 1033 promontorio
922 981 935 1020 ,
954 937 1173 1034 Metagonio-

264 1037 306 1106 ad
318 1059 386 1108 aras
400 1036 613 1110 Philenorutn
628 1039 763 1130 proprie
779 1061 903 1109 nomen
920 1035 1046 1108 Africa
1064 1033 1157 1107 ulur·

208 1149 224 1203 τ.
262 1131 304 1203 In
328 1157 365 1204 ea
392 1131 464 1206 sunt
489 1136 638 1231 oppida,
662 1134 784 1227 Hippo
810 1135 950 1227 regius,
985 1132 1021 1204 ὃ(
1051 1129 1158 1203 Ruit·

210 1229 267 1314 le,
282 1228 319 1304 ἃ
343 1229 505 1303 Tabraca.
544 1231 679 1302 Deinde
701 1232 762 1302 tria
787 1228 1034 1321 promontoria,
1062 1227 1159 1300 Can·

210 1326 297 1403 lum,
324 1327 511 1418 Apollinis,
536 1327 723 1409 Mercurii,
747 1326 834 1398 vaste
862 1326 1009 1418 projedia
1040 1325 1074 1394 in
1105 1323 1159 1397 al·

211 1446 253 1504 u,
267 1423 351 1493 duos
368 1426 507 1516 grandes
526 1422 611 1492 finus
625 1419 781 1494 efficiunt.
821 1418 1077 1515 Hipponensetn
1093 1444 1158 1493 vo·

212 1535 234 1589 tt
256 1519 448 1609 proximum
473 1519 514 1590 ab
541 1519 704 1610 Hippone
738 1519 947 1613 Diarrhyto,
975 1522 1067 1614 quod
1097 1518 1158 1588 lit-

213 1616 226 1684 i
248 1613 319 1705 ejus
341 1615 523 1705 appositum
546 1615 601 1685 est.
639 1616 680 1685 In
704 1615 807 1686 altero
826 1613 898 1686 lunt
916 1616 1014 1685 callra
1032 1614 1158 1699 Laelia,

213 1709 260 1781 lra
284 1709 465 1789 Cornelia,
491 1710 617 1782 flumen
642 1712 811 1805 Bagrada,
837 1710 991 1783 Utica&
1018 1710 1159 1783 Carrha-

219 1804 363 1884 ,ambae
397 1809 550 1902 inclyta,
577 1807 682 1879 ambae
707 1806 726 1876 it
758 1808 974 1880 Phoenicibus
1006 1810 1159 1880 conditae.

214 1928 224 1973 t
242 1902 310 1975 fato
330 1903 467 1977 Catonis
488 1901 639 2000 inlignis:
655 1903 828 1984 ltaecluo,
843 1926 930 1976 nunc
947 1903 1064 1995 populi
1083 1903 1159 1975 Ro-

218 2001 250 2072 ni
276 2000 433 2083 colonia,
469 2000 549 2072 olim
573 2000 704 2095 imperii
730 1999 802 2092 ejus
831 2000 980 2092 pertinax
1013 2002 1131 2073 aemula
1146 2045 1163 2086 „

216 2119 228 2164 t
252 2095 387 2187 quidem
411 2101 530 2171 iterum
555 2101 732 2192 op'ulenta,
753 2097 853 2170 etiaut
878 2120 966 2170 nunc
983 2113 1051 2166 tam
1069 2097 1161 2187 prio-

217 2218 236 2262 n
265 2192 396 2265 excidio
421 2218 552 2273 rerum,
577 2193 676 2288 quiam
702 2218 769 2288 ope
791 2192 999 2287 praesentium
1030 2194 1160 2264 clarior.

218 2287 459 2369 tdtfinteututn,
485 2292 626 2383 Leptis,
648 2291 798 2383 Clupea,
822 2289 1057 2367 Abrotonum,
1080 2291 1160 2361 Ta·

219 2403 282 2467 a,
298 2387 457 2478 Neapolis
481 2386 561 2458 hinc'
583 2390 623 2459 ad
655 2389 780 2483 syrtim
807 2389 983 2480 adjacent,
1008 2403 1045 2461 ut
1078 2387 1161 2458 inter

221 2482 320 2555 ubilia
347 2483 580 2556 celeberrimae.
628 2485 720 2556 Sirtis
744 2482 829 2569 sinus
853 2484 899 2556 est
926 2501 1059 2559 centum
1090 2483 1162 2554 fere

223 2581 263 2652 lia
287 2577 462 2671 paliuum,
492 2605 554 2673 qua
579 2605 670 2653 mare
689 2581 830 2671 accipit,
854 2600 989 2673 patens:
1016 2598 1161 2655 trecenta

222 2705 227 2763 t
251 2677 405 2769 cingitur.
447 2676 580 2751 Verum
609 2673 834 2769 importuosus
856 2695 955 2766 atque
981 2696 1097 2757 atrox,
1122 2673 1160 2749 ὅ(

223 2775 371 2845 radorum
389 2771 611 2865 frequentium
634 2773 770 2856 brevia,
792 2771 966 2868 magisque
989 2770 1086 2844 etiam
1113 2770 1160 2843 ob

223 2892 305 2941 roos
328 2887 438 2940 motus
462 2871 571 2964 pelagi
594 2870 758 2945 affluentis
775 2868 813 2944 &
832 2867 1000 2941 refluentis
1017 2868 1162 2940 infellus.

223 2989 268 3037 ter
297 2965 385 3039 hunc
417 2967 534 3060 ingens
557 2969 651 3059 palus
679 2989 811 3036 amnem
843 2967 992 3037 Tritona·
1014 2966 1160 3055 recipit,

224 3118 227 3131 .
250 3062 423 3134 Tritonis:
440 3066 546 3146 unde,
560 3064 598 3136 dr
613 3063 778 3134 Minerva
803 3085 996 3156 cognomen
1016 3063 1160 3133 inditum
1200 3137 1206 3144 ,

224 3201 229 3231 t
252 3177 289 3228 ur
316 3158 433 3238 incolae
455 3157 675 3237 arbitrantur,
690 3156 737 3229 ibi
760 3159 899 3255 genitae:
914 3154 1103 3250 faciuntque
1127 3157 1160 3227 ei

224 3252 283 3324 ulae
315 3255 456 3347 aliquam
494 3255 627 3337 fidem,
656 3253 747 3348 qubd
783 3272 884 3350 quern¹
921 3254 1061 3325 natalem
1089 3253 1161 3344 ejus

225 3367 297 3432 ant,
318 3350 448 3424 ludicris
471 3352 638 3446 virginum
658 3353 743 3422 inter
762 3349 793 3424 le
818 3352 1051 3424 decertantium
1067 3350 1161 3445 cele·

225 3464 268 3516 nt.
311 3447 404 3521 Ultra
432 3444 477 3519 est
501 3451 575 3524 Oea
604 3449 796 3540 oppidum,
821 3451 857 3522 &
882 3448 1013 3542 Cinyps
1038 3445 1161 3519 fluvius

243 3540 408 3617 uberrima
427 3569 502 3617 arva
523 3545 686 3617 decidens.
713 3546 820 3622 ‚Turn
846 3542 960 3633 Leptis
982 3544 1103 3624 altera,
1123 3543 1161 3619 ὃ(

227 3640 287 3722 tis,
310 3643 444 3712 nomine
472 3657 570 3733 atque
595 3640 732 3735 ingenio
760 3664 817 3731 par
843 3639 974 3732 priori':
1003 3656 1160 3711 caeterum

227 3760 265 3807 ro
290 3735 491 3831 letelpacio
515 3761 578 3829 qua
601 3735 755 3819 dehiscit,
777 3760 906 3829 quaque
926 3733 1052 3813 flexum
1071 3734 1161 3827 agit,

228 3835 312 3922 ¹>lion
350 3832 431 3927 Ejus
450 3835 740 3925 promontorium,
760 3835 806 3904 cll
819 3832 964 3912 Borion,
986 3831 1028 3903 ab
1053 3852 1162 3922 eoque

229 3932 325 4022 ,piens
351 3954 433 4012 ora,
458 3948 561 4023 'quatn
594 3929 788 4026 Lotophagi
820 3928 956 4001 tenuille
985 3924 1161 4006 dicuntur,

230 4050 267 4101 tte
290 4029 329 4102 ad
342 4025 518 4137 'Phycunta
540 4028 596 4122 (&
611 4030 645 4101 id
658 4028 939 4125 promuntorium
954 4023 1186 4119 citimum-

696 4129 733 4205 L
742 4126 767 4204 t·
782 4147 808 4223 3
1106 4103 1219 4180 tuuis
