2859 4709
475 368 820 448 Sa'rrr'tcanr
869 336 923 447 Ι
1115 398 1186 474 295

171 526 430 577 moverunt:
455 529 573 577 verum
600 507 700 576 dicito
723 505 805 573 misti
832 507 874 575 de
899 526 954 573 me
983 503 1065 597 ipso.
1103 506 1187 591 Hoc

180 599 258 671 fieri
278 602 478 694 nonpotess.
506 604 606 693 Quur
632 625 699 672 non
723 601 842 694 possit,
867 602 1047 691 expressius
1071 604 1188 673 dicam.

185 698 338 790 Nugaris
359 700 396 773 δι
423 723 558 791 operam
585 701 713 789 perdis:
738 698 918 791 quoniam,
942 698 979 772 dt
999 699 1108 768 calvus
1132 722 1190 774 es,

185 795 224 867 ὃ(
244 790 373 867 obesus.
412 797 531 889 Quum
555 795 659 889 igitur
679 793 741 863 tibi
766 813 883 865 venter
907 796 951 864 ita
971 795 1136 884 pendeat,
1154 813 1190 866 ut

187 884 514 981 sesquipedee'xtet:
541 890 576 962 dt
602 890 737 985 Pinguis
760 911 896 972 venter,
916 910 952 961 ut
976 888 1078 966 estin
1106 916 1191 984 pro-

189 986 334 1064 verbio,
368 985 556 1079 sapientiam
585 1011 652 1058 non
677 1006 839 1081 generet,
874 1011 942 1057 non
968 986 1091 1078 poteris
1125 1002 1213 1056 non'

187 1080 255 1155 'esse
280 1079 447 1154 ridiculus.
486 1084 592 1175 Quod
618 1083 643 1154 sr
671 1083 786 1154 oculos
810 1081 947 1155 habe'res
974 1085 1008 1151 in
1033 1083 1193 1173 occipitio

189 1179 256 1270 (ut
280 1180 381 1260 Janus
405 1179 578 1274 pingitur)
603 1180 754 1255 videres,
780 1183 859 1250 dum
884 1181 1019 1259 recitas,
1048 1183 1146 1252 miras
1174 1205 1194 1252 a

151 1306 156 1321 ·
187 1295 290 1370 tergo
314 1272 445 1347 sannas:
472 1273 516 1344 est
539 1276 627 1346 enirn
649 1276 705 1370 qui
727 1274 829 1371 fingar
854 1279 1037 1363 ciconiam,
1063 1301 1137 1370 quac
1160 1294 1194 1347 te

189 1396 212 1444 a
236 1371 338 1466 tergo
361 1369 510 1463 pinsitet:
539 1370 665 1466 estqui
691 1375 841 1444 manibus
866 1375 965 1448 motis
996 1371 1073 1444 asrni
1100 1373 1193 1444 auri-

176 1450 281 1540 ‘eulas
307 1469 470 1540 imitetur:
499 1467 545 1537 est
571 1470 734 1560 denique,
759 1471 968 1634 puitantum
995 1488 1105 1542 exerat
1131 1470 1196 1538 lin-

194 1588 273 1659 gua
286 1582 443 1654 quantum
458 1588 553 1635 canes
568 1566 601 1633 in
611 1567 743 1658 ¹Apulia
771 1565 910 1638 rtibundi
925 1586 1083 1641 exerrent.
1119 1566 1196 1641 Vos

193 1663 328 1751 itaque,
353 1661 478 1732 Patricii
502 1661 585 1742 viri,
619 1662 749 1763 quando
775 1685 842 1732 non
867 1683 946 1755 pote
968 1663 1014 1749 est
1036 1681 1072 1732 ut
1099 1664 1195 1733 oeci÷

196 1757 270 1850 pite
293 1774 328 1824 ut
339 1756 446 1827 ‘amini
469 1759 620 1838 oculato,
646 1760 810 1829 occurrite
835 1761 941 1830 sannae
966 1757 1110 1850 posticae.

246 1853 350 1923 Porro
374 1875 497 1925 autem.
540 1853 627 1945 Quis
654 1856 762 1957 popolr'
773 1856 879 1944 sermo
899 1851 960 1953 ιβ,
988 1853 1123 1927 subinde
1145 1855 1200 1925 soi

196 1948 266 2020 lent
292 1949 518 2045 interrogare,
540 1951 596 2042 qui
619 1949 650 2020 se
678 1970 768 2024 extra
791 1970 961 2044 querunt,
986 1951 1022 2032 dt
1043 1951 1090 2022 ab·
1107 1951 1200 2021 arbi·

197 2044 261 2116 trio
286 2049 431 2136 pendent
456 2047 583 2138 populi.
627 2048 762 2147 Quibus
786 2050 969 2129 adulatores
994 2044 1202 2136 respondent.¹

198 2139 288 2232 Quis
315 2140 422 2214 sermo
448 2141 485 2212 srr
510 2166 626 2238 rogas,
652 2167 767 2215 omnes
787 2169 856 2218 uno
878 2169 937 2216 ore
961 2144 1104 2215 fatentur
1129 2166 1201 2214 car-

149 2240 152 2245 ’
199 2239 289 2308 mina
307 2262 393 2310 nunc
416 2243 553 2309 dentum
567 2238 754 2312 mottiffimo
769 2239 875 2312 fluere
897 2265 1056 2314 numero:
1073 2240 1109 2313 &
1128 2239 1203 2335 jun·

203 2338 331 2406 duram
355 2337 538 2406 verborum
564 2336 608 2407 ita
635 2336 1096 2428 compadam&concinnam
1123 2338 1205 2406 ada-

201 2430 307 2525 ptari,
334 2432 436 2522 qualis
456 2429 564 2502 tabula
591 2454 633 2500 ex
653 2431 785 2504 diversas
807 2439 979 2525 compasta
1001 2456 1132 2525 ungues
1157 2428 1205 2500 se·

202 2549 299 2600 veros
326 2527 473 2619 respuat,
496 2525 532 2599 dt
558 2552 617 2619 per
642 2529 735 2601 laenia
760 2554 828 2602 non
853 2533 1012 2602 admittat.
1056 2529 1124 2598 Scit
1143 2551 1205 2598 no·

202 2623 264 2695 ster
290 2627 387 2712 poeta
414 2627 458 2695 ita
488 2625 616 2700 rectum
642 2625 773 2696 versum
804 2630 973 2703 tendere,
998 2642 1034 2697 ut
1059 2623 1207 2695 videatur

204 2721 341 2790 rubram
364 2721 481 2797 lineam
507 2723 607 2791 oculo
630 2746 697 2792 uno
723 2724 883 2816 dirigere:
911 2747 972 2795 nec
995 2723 1078 2812 repit
1097 2719 1208 2796 humi:

205 2818 261 2888 sed
287 2812 413 2906 semper
445 2820 586 2913 grandes
611 2841 661 2888 res
690 2819 801 2888 dicere
833 2818 943 2902 nostro
975 2839 1083 2912 poetae
1108 2815 1209 2889 Musa

207 2909 385 2990 dat,s1ve
419 2915 449 2984 in
478 2938 587 2985 mores
614 2912 680 2996 stt,
707 2914 831 2985 sivein
858 2916 974 2986 luxum
1006 2920 1042 2991 dt
1074 2913 1210 3008 prandia

207 3033 328 3102 regum
356 3010 542 3080 dicendum.

258 3107 387 3178 Videas
408 3107 513 3178 rursus
533 3130 576 3176 ex
601 3106 660 3176 alia
685 3125 775 3198 parte
799 3106 916 3178 heroas
942 3106 1069 3178 nossros
1094 3105 1213 3207 nugari

211 3202 323 3274 solitos
353 3203 474 3276 Graece
509 3224 687 3288 occupatos
719 3205 751 3283 in
776 3202 918 3274 sensibus
945 3207 1119 3295 po‘e'tarum
1147 3226 1214 3281 err-

211 3299 369 3389 plicandis
395 3297 430 3371 dt
457 3299 662 3380 enodandis,
699 3324 803 3389 quum
833 3301 962 3372 interim
997 3298 1055 3388 ipsr
1086 3322 1146 3368 nec
1182 3298 1217 3364 in

209 3395 401 3468 Rhetoricis
423 3395 751 3484 praeexercitamen'tis
767 3396 826 3465 srnt
846 3395 918 3468 satis
941 3393 1093 3464 instrussi.
1138 3392 1218 3475 Ne-

212 3493 314 3562 sciunt
334 3495 465 3562 ·etenim
485 3494 597 3563 lucum
621 3488 827 3570 describere,
853 3515 962 3583 neque
991 3511 1046 3557 rus
1072 3489 1219 3574 saturum
1247 3546 1250 3550 .

214 3589 369 3663 laudare:
393 3592 451 3657 ubi
475 3587 534 3657 srnr
560 3586 695 3661 corbes,
717 3586 752 3655 dt
780 3587 895 3668 socon,
919 3585 955 3667 d<
980 3585 1095 3675 porci,
1111 3585 1147 3656 &
1162 3585 1222 3657 fu·
1240 3670 1249 3678 μ’

213 3680 304 3772 mosa
338 3684 449 3763 Palilia
481 3684 514 3752 in
547 3681 724 3754 abundanti
756 3684 843 3769 seno.
889 3682 988 3768 Unde'
1015 3679 1222 3774 magnanimi

212 3780 406 3871 prodierunt
434 3781 523 3856 viri,
549 3799 586 3875 ur
601 3779 753 3857 Remus,
772 3780 809 3850 dt
843 3780 890 3867 Q.
909 3776 1224 3879 Cincinnatumpui

213 3880 318 3967 ipuum
346 3874 434 3949 sirico
459 3896 602 3948 aratrum
629 3891 771 3950 tereret,
791 3872 943 3946 salutatus
966 3872 1028 3945 suit
1058 3874 1227 3956 Didiator,

210 3974 252 4069 dt
287 3971 483 4069 ante'ipsos
519 3972 623 4049 boves
660 3972 755 4053 iilum
789 3995 877 4043 uxor
917 3969 1083 4067 trepidans
1119 3970 1227 4048 induit

733 4067 820 4178 tht
1121 4063 1226 4155 aim,
