2859 4709
389 410 462 495 Dr
500 417 648 491 Arre
687 418 936 492 Poenici}
1078 440 1146 519 ης

197 553 316 648 Qualis
341 553 382 626 ud
405 555 528 650 incepto
549 552 756 652 proccfferit,
773 556 814 631 (5
835 553 899 649 fibi
926 552 1047 650 cuifier.

196 649 343 749 Difficile
367 648 410 743 est
434 657 566 747 proprie
591 654 769 725 communio
795 654 920 724 dicere:
950 673 1046 749 tuque
1175 669 1270 752 Adugi

196 750 326 822 Reclius
351 751 490 820 iliacum
510 775 636 820 carmen
660 751 792 819 deducis
818 752 852 818 iu
876 750 985 820 odires:
1198 768 1241 806 mo

196 842 374 940 Quum,fi
397 843 558 940 proferres
574 849 721 957 spirutu,
748 844 928 940 indilluqrte
950 846 1085 942 primus.
1118 900 1121 909 .
1158 829 1252 908 immi

198 942 334 1016 Publica
357 945 505 1015 materies
525 945 649 1040 privati
669 942 766 1036 juris.
784 942 867 1022 erit,
884 939 915 1032 fi
1157 926 1248 1062 {ffl-

198 1041 268 1114 Net
294 1041 383 1112 circu
407 1039 502 1112 vilem
527 1040 733 1135 poculumque
757 1037 935 1109 moraberis
960 1039 1091 1111 orbem:
1158 1065 1207 1127 bes.

199 1137 268 1208 Nec
293 1134 426 1207 verbum
451 1137 548 1208 verbo
570 1136 693 1206 curabis
719 1138 854 1207 reddere
871 1132 963 1222 fidus
1159 1143 1278 1208 Turneh'

199 1234 379 1326 interpres:
407 1256 465 1304 nec
490 1227 610 1325 defilies
634 1235 777 1302 imitator
797 1231 830 1300 in
854 1233 999 1320 urt‘lum3
1157 1226 1202 1284 lt'b.
1221 1240 1266 1296 19·¹

202 1327 288 1401 Unde
307 1330 423 1425 pedem
444 1326 575 1424 reffcrre
593 1329 697 1424 pudor
718 1347 823 1411 vetet,
847 1347 902 1398 uut
926 1327 1031 1422 operi,
1055 1328 1120 1402 133·
1158 1326 1181 1369 c.
1195 1324 1224 1377 9,
1267 1420 1275 1429 δ

450 1504 885 1588 Eceuunsis.
1004 1585 1009 1595 ,

266 1663 426 1741 Rgumenta
443 1662 640 1746 tragoediarum
664 1663 692 1723 in
720 1665 826 1743 duplici
847 1687 950 1747 genere
974 1666 1145 1730 conllituun=

283 1758 338 1800 tur.
369 1748 422 1802 Aut
441 1746 515 1806 enirn
537 1746 682 1817 componis
705 1744 826 1806 fabulam
846 1768 971 1812 novam,
993 1770 1052 1825 quae
1076 1753 1143 1808 nul-

200 1835 286 1892 quam
306 1820 377 1882 luit:
398 1837 442 1883 aut
467 1845 502 1884 ex
522 1823 639 1900 antiquis
662 1824 779 1884 historiis
804 1827 914 1902 reponis
934 1827 1072 1888 aclionem
1091 1841 1147 1895 ,ut

161 1914 163 1919 ·
198 1894 217 1953 li
250 1901 414 1970 Medeam,
442 1902 583 1964 Achillem
619 1903 786 1965 Orestemve
814 1907 935 1966 adducas
966 1906 995 1962 in
1026 1906 1147 1966 scenam.

199 1975 347 2055 Utriusque
377 1999 511 2059 praecepta
538 1981 587 2042 tibi
609 1983 779 2043 subnedirm.
821 1983 852 2044 Si
882 1983 992 2058 reponis
1023 1984 1147 2062 antiquas

199 2057 361 2127 Historiae:
382 2058 496 2136 sequere
518 2060 643 2142 samam,
671 2083 730 2140 quae
756 2067 793 2122 de
822 2062 877 2122 illis
903 2063 1066 2142 pervulgata
1087 2063 1147 2122 est:
1202 2080 1210 2086 ·

199 2152 250 2198 uec
272 2136 349 2199 enim
367 2139 434 2201 licet
453 2139 504 2200 cibi
521 2139 627 2216 lingere
648 2142 731 2203 aliam
755 2143 910 2210 Medeam,
931 2158 977 2203 aut
992 2140 1148 2210 Achillem,

199 2220 280 2287 quem
300 2238 351 2279 eos
373 2239 441 2297 quos
461 2218 541 2280 nobis
556 2219 632 2281 fama
647 2222 823 2287 nullutn&
842 2221 976 2300 depingit.
1005 2220 1034 2284 Si
1053 2241 1147 2283 autem

200 2291 275 2376 fingis
297 2318 420 2358 novam:
442 2298 522 2391 dahis
547 2300 662 2376 operam
682 2319 712 2360 ut
731 2300 780 2362 libi
801 2303 895 2362 omnia
915 2302 1091 2369 cohereant,
1112 2306 1145 2363 &

200 2373 269 2437 inter
289 2377 506 2438 se'cohaerentia
527 2379 761 2460 conglutinentur.
787 2381 887 2441 Priotis
908 2381 991 2456 partis
1010 2397 1147 2456 praecepta

200 2454 287 2516 sunto.
325 2456 355 2516 si
376 2457 434 2524 vis,
453 2457 532 2518 verbi
551 2459 663 2537 gratia,
684 2459 821 2520 Achillem
838 2461 938 2520 iterum
961 2462 989 2518 in
1011 2459 1078 2518 lucis
1091 2479 1148 2534 lau·

201 2555 242 2594 res
266 2555 420 2602 revocare,
440 2539 551 2597 attende
572 2556 710 2614 quantus,
736 2540 767 2599 &
795 2540 881 2615 qualis
904 2539 933 2596 stt
960 2542 1099 2596 Homerus
1121 2537 1149 2594 in

201 2613 367 2676 honorando
381 2616 512 2684 Achille,
528 2619 605 2675 Nam
618 2618 715 2678 Thetis
735 2636 824 2679 mater
841 2623 875 2677 ab
890 2621 962 2676 Jove
984 2615 1052 2673 nihil
1073 2615 1150 2674 aliud

201 2695 298 2771 petiit,
318 2695 365 2754 nili
387 2711 416 2753 ut
428 2695 569 2757 Achillem
589 2699 745 2758 honorarer.
779 2701 920 2759 Homerus
941 2693 1076 2770 supilhmc
1093 2715 1148 2755 vo·

200 2790 244 2833 cat
262 2774 402 2834 Achillem
417 2776 522 2855 pedibus
540 2776 665 2845 celerem,
683 2776 713 2836 id
730 2777 771 2838 est
783 2775 951 2855 impigrum,
968 2775 1149 2841 iracundum,
1252 2798 1256 2805 ’

199 2853 425 2920 inexorabilem,
445 2875 557 2921 acrem,
580 2858 611 2916 dc
632 2855 679 2932 qui
698 2859 757 2930 iura
775 2870 953 2922 contemnat,
980 2856 1012 2914 ὅ(
1034 2855 1079 2931 qui
1103 2853 1149 2913 ul-

200 2933 292 3001 tibus,
316 2936 347 2993 &
372 2933 453 2993 armis
475 2936 570 2994 omniu
591 2936 661 2997 velit
682 2933 732 2995 libi
752 2954 891 3016 arrogare.
933 2935 1035 2994 Talem
1063 2933 1147 3014 igitur

200 3013 338 3104 depinges
357 3028 432 3071 tuum
451 3013 608 3094 Achillem,
628 3034 680 3073 nec
702 3017 720 3074 a
740 3015 831 3083 lama,
850 3034 933 3089 quam
952 3015 989 3074 de
1009 3013 1060 3072 illo
1078 3034 1147 3074 con-

199 3091 298 3166 cepisti
310 3128 320 3157 ,
339 3088 477 3155 dellellas,
509 3095 592 3154 Idem
610 3093 770 3155 faciendum
790 3099 826 3155 de
854 3097 958 3155 Medea
980 3091 1091 3158 feroce,
1112 3092 1146 3157 dc

201 3170 316 3232 invidia.
360 3176 407 3234 De
430 3174 519 3234 Inone
540 3172 648 3234 flebili:
672 3175 708 3236 de
739 3173 846 3250 perfido
868 3171 987 3240 Ixione,
1012 3174 1048 3230 de
1074 3175 1147 3238 Ione

201 3270 294 3328 vaga,
314 3250 346 3310 &
370 3251 470 3313 Orelle
490 3251 567 3312 tristi.
604 3252 634 3314 Si
653 3273 723 3314 vero
741 3273 775 3312 ex
796 3270 823 3313 te
841 3252 890 3311 tibi
910 3251 1014 3332 fingere
1035 3251 1147 3310 contin-

203 3347 250 3410 gat
270 3349 376 3389 novam
393 3332 514 3406 aliquam
532 3331 656 3392 fabulam
674 3333 799 3398 curabis,
816 3351 846 3392 ut
863 3332 898 3391 ab
919 3333 978 3411 ipso
995 3329 1149 3409 principio,

205 3411 239 3471 ad
258 3408 345 3470 finem
366 3412 452 3487 usque
472 3412 593 3471 servetur
612 3415 727 3490 persona
748 3409 832 3480 ficia,
853 3413 955 3478 eodem
973 3428 1089 3476 tenore,
1115 3410 1148 3469 ἃ

204 3490 406 3566 proportione,
433 3511 469 3551 ne
499 3490 651 3551 monstrum
673 3493 687 3562 (
698 3495 767 3551 dum
799 3493 927 3564 personae
947 3488 1051 3568 fingis)
1075 3508 1148 3546 con-

205 3585 299 3629 texere
321 3569 451 3629 videaris.
481 3571 607 3630 Credunt
624 3574 707 3648 porri)
729 3571 933 3649 vulgo,maius
950 3569 1002 3628 elie
1013 3605 1021 3632 ,
1033 3569 1063 3625 &
1079 3585 1149 3640 prz-

207 3646 326 3708 llabilius
354 3647 464 3709 labulas
495 3669 636 3726 uunquam
662 3652 757 3718 visas,
777 3668 826 3714 aut
845 3651 949 3709 auditas
979 3645 1027 3704 suo
1057 3648 1150 3707 Marte
1180 3677 1182 3681 ¹

208 3747 402 3799 componere,
422 3749 506 3806 quam
526 3749 561 3790 ex
581 3729 687 3804 poetis,
711 3732 742 3789 ὃ(
767 3729 842 3790 fama
863 3727 1051 3804 promulgare.
1088 3728 1151 3803 Ego

209 3826 302 3868 eontra
324 3808 421 3868 sentio.
455 3812 533 3867 Nam
551 3809 686 3869 difficilius
708 3808 746 3868 ell
765 3831 797 3870 ea
817 3830 876 3886 quae
896 3810 954 3866 sunt
975 3807 1152 3875 communia,

208 3888 240 3948 &
269 3888 370 3964 cuique
393 3887 540 3962 expofita,
564 3889 657 3950 fecere
680 3889 808 3963 propria.-
834 3891 916 3964 quarn
944 3884 1049 3958 ahquid
1079 3888 1152 3945 nud-

210 3986 292 4043 quam
317 3967 444 4026 auditum
466 3967 637 4045 excogitate.
670 3971 747 4028 Nam
770 3985 798 4026 tu
824 3967 842 4024 fi
864 3966 951 4025 morlo
974 3966 1028 4041 jnn
1056 3965 1152 4040 aliquis

208 4064 237 4109 es
256 4045 284 4108 in
302 4047 400 4129 poe'st,
419 4049 525 4128 majore
544 4067 608 4112 cum
625 4050 726 4120 laude,
752 4065 835 4128 atque
856 4044 955 4112 redlius
974 4064 1009 4108 ex
1035 4047 1154 4139 Homeri
1174 4127 1177 4134 Ι

1088 4146 1167 4221 puer
