2859 4709
434 430 439 438 ·
550 389 845 489 aulam.
1132 417 1200 493 209

205 514 317 609 thue
343 516 432 590 dedit
459 515 555 591 saltus
580 514 599 592 “e
624 519 752 591 sununo
777 519 950 593 Thessalus
975 517 1075 600 otta,

251 615 311 686 Tu
341 639 475 708 quoque
502 613 614 705 saxoso
641 617 845 710 praecipitere
871 619 965 712 jugo.

209 713 279 782 Aut
301 714 392 785 velut
417 712 535 807 Euyaii
563 714 619 806 qui
645 708 806 804 sceptrum
830 717 914 806 cepit
939 712 1081 794 abillo,

254 806 326 877 Sint
351 825 439 879 artus
466 809 567 880 avidis
591 809 754 903 anguibus
780 808 849 880 esca
873 812 930 881 tui.

205 902 277 979 Vel
301 919 357 976 tua
380 921 541 986 maturet,
570 903 650 976 sicut
672 904 805 978 Minoia
834 906 917 988 sata,

251 996 316 1069 Per
339 1018 436 1090 caput
462 992 575 1070 insusae
600 1000 746 1073 fervidus
770 1003 891 1074 humor
918 1027 1035 1095 aquae:

203 1094 317 1187 thue
342 1120 459 1191 parum
483 1094 592 1178 mitis,
615 1093 673 1167 sed
699 1120 768 1167 non
797 1099 932 1191 impune
964 1096 1203 1181 Prometheus,¹

254 1192 369 1265 A'e'rias
389 1194 542 1265 volucres
567 1192 721 1286 sanguine
748 1193 835 1267 fixus
864 1197 936 1266 aias.

206 1286 275 1357 Aut
299 1290 390 1362 velut
417 1290 584 1360 Etracides
609 1313 732 1386 magno
756 1307 807 1362 ter
831 1291 872 1363 ab
896 1292 1047 1365 Hercule
1072 1289 1203 1387 quinus

253 1383 369 1457 casus
392 1385 425 1456 in
451 1384 648 1457 immensum
673 1383 848 1477 projiciare
874 1388 1009 1459 fretum.

204 1480 276 1553 Aut
297 1500 335 1551 ut
362 1482 574 1561 Amantiades
602 1485 690 1574 turpi
715 1482 853 1554 dilectus
876 1508 989 1556 amore

255 1578 399 1656 Oderit,
421 1578 457 1651 &
484 1576 572 1650 saevo
601 1580 751 1651 vulneret
776 1578 849 1650 ense
871 1604 962 1672 puer.

204 1673 287 1744 Nec
313 1672 375 1743 tibi
401 1675 463 1747 fida
486 1676 594 1770 magis
617 1674 747 1746 misceri
774 1675 889 1766 pocula
918 1676 1055 1767 possint,

257 1766 374 1858 Qu'am
403 1771 457 1865 qui
480 1771 658 1865 cornigero
683 1774 724 1841 de
750 1771 837 1854 Jove
862 1793 953 1844 natus
981 1790 1059 1846 erat.

205 1862 312 1937 More
334 1867 385 1940 vel
411 1873 548 1940 intereas
576 1871 662 1960 capti
686 1864 852 1961 suspensus
878 1869 1021 1945 Achaei,

255 1963 329 2054 Qui
355 1963 450 2035 miser
478 1965 614 2036 aurifera
643 1966 723 2035 teste
747 1966 903 2057 pependit
927 1988 1027 2053 aqua:

206 2058 275 2131 Aut
300 2078 338 2132 ut
365 2060 582 2132 Achilleidem
609 2080 752 2157 cognato
778 2063 912 2131 nomine
936 2061 1063 2132 clarum
1100 2118 1103 2125 .

253 2157 432 2248 Opprimat
458 2156 566 2228 hostili
594 2160 707 2253 tegula
729 2159 812 2250 jabia
837 2181 947 2229 manu.
1096 2161 1099 2167 '

207 2254 283 2325 Nec
309 2274 365 2325 tua
389 2250 486 2346 quim
505 2253 622 2348 Pyrrhi
647 2255 773 2326 felicius
796 2250 859 2325 ossa
889 2249 1073 2348 quiescant,'

255 2348 370 2440 Sparsa
395 2374 456 2441 per
482 2350 673 2422 Ambracias
703 2374 776 2443 quae
806 2352 933 2440 jacuere
958 2350 1036 2419 vias.

207 2446 364 2535 Nataque
387 2465 423 2517 ut
451 2446 596 2518 AEacidae
624 2446 737 2540 jaculis
766 2446 1078 2531 maurimontis,

255 2543 340 2614 Non
366 2543 441 2614 iicet
463 2540 527 2613 hoc
556 2544 672 2615 Cereri
698 2545 893 2617 diffimusare
917 2543 1057 2612 sacrum.

206 2640 320 2729 thue
342 2663 447 2732 nepos
475 2639 553 2711 dicti
578 2640 688 2711 nostro
712 2640 816 2713 modb
843 2641 986 2712 carmine
1010 2637 1119 2732 regisj

183 2817 187 2823 ¹
258 2736 472 2807 Canteridum
498 2734 611 2815 succos
631 2741 725 2808 dante
750 2757 881 2829 parente
906 2733 1008 2804 bibas.

206 2836 280 2905 Aut
308 2834 360 2923 pia
381 2851 415 2904 te
439 2830 521 2904 caeso
549 2835 673 2906 dicatur
696 2836 859 2915 adultera,
883 2831 963 2903 ficut

255 2932 334 3022 Qua
361 2928 476 3002 cecidit
500 2929 639 3004 Leucon
663 2931 814 3010 vindice,
842 2931 926 3002 dicia
951 2928 1003 3019 pia
1032 2924 1105 3009 esti

203 3027 315 3117 Inque
341 3049 457 3123 pyram
484 3043 593 3096 tecum
619 3025 797 3097 charissima
822 3049 959 3114 corpora
983 3025 1116 3106 mittas,

256 3126 372 3217 Quem
397 3123 497 3193 finem
516 3118 599 3193 'vitae
624 3123 854 3214 sardanapalus
879 3120 987 3194 habet.

203 3222 319 3314 thue
342 3221 436 3302 Jovis
452 3216 569 3316 Lybici
592 3222 755 3315 tempium
780 3221 926 3303 violare,
942 3228 1108 3317 parantes,'

255 3319 338 3390 Aeta
367 3317 466 3387 Noto
488 3316 599 3387 vuitus
622 3321 739 3387 condat
764 3341 859 3390 arena
884 3335 969 3387 tuos.

202 3413 317 3504 thue
341 3432 531 3486 necatorum
558 3413 661 3484 Darei
688 3414 801 3484 fraude
826 3412 977 3496 secundi,

254 3512 307 3581 Sic
332 3528 388 3583 tua
416 3509 591 3581 succedens
616 3510 755 3579 devoret
780 3533 837 3581 ora
861 3506 961 3580 cinis(

205 3607 277 3676 Aut
301 3625 339 3678 ut
362 3606 519 3679 olorifera
546 3608 711 3697 quondam
735 3605 880 3699 Sicyone
904 3600 1079 3696 profertor

255 3701 301 3773 Sit
324 3702 430 3795 frigus
451 3702 570 3775 mortis
594 3700 697 3773 caussa
722 3700 888 3793 famesque
916 3718 992 3774 tuae.

202 3797 277 3869 Aut
298 3818 333 3870 ut
360 3802 542 3873 Acarnides
566 3796 690 3870 insutus
710 3797 796 3887 pelle
818 3798 970 3893 juvenci,

252 3894 412 3988 Turpiter
436 3900 477 3968 ad
505 3894 678 3968 dominum
705 3894 813 3986 praeda
836 3893 941 3965 ferare
967 3898 1078 3978 tuum'

269 3995 327 4074 fr.
339 3992 465 4073 Sanun·
476 3996 576 4092 oper.
601 3993 706 4070 Tam.
716 3990 768 4066 11.
921 3989 956 4061 Ο
1100 3985 1208 4081 Inque
