2859 4709
527 384 854 455 Poerrox.¹
1143 387 1190 482 89

199 502 249 572 vei
260 500 404 579 Silenos.
440 504 583 602 Hispani
597 534 753 582 vocamus
768 508 989 596 Extremum,
1002 509 1091 599 qubd
1105 513 1189 584 inter

193 600 315 674 'medias
330 605 478 674 renones
493 606 639 693 irrepant.
664 605 761 677 Unde
778 608 879 701 igitur
892 603 1121 692 haecEpisodia
1136 631 1190 679 or·

149 722 154 765 ;·
200 699 1189 794 turnhabuerint‚deciarat‚inquiens:Po'e'taetragici,etiam

200 790 349 886 figraves
363 796 423 866 sint
433 793 595 888 &asperi‚
611 817 818 869 tentaverunt
831 822 871 867 an
884 795 983 867 risum
997 796 1118 886 possent
1132 799 1190 868 eli-

159 924 163 933 =
200 912 267 987 rere
280 894 363 962 tatva
380 893 505 986 tragica
518 893 696 986 gravitate:
712 917 809 984 quare
820 895 952 987 Satyros
966 895 1192 977 nudaverunt,

201 984 227 1053 id
244 987 309 1067 est,
326 992 548 1059 inverecunda
564 991 764 1059 induxerunt
779 988 952 1078 Episodia‚
968 989 1042 1080 quia
1057 988 1191 1063 sandius

149 1122 151 1131 =
200 1079 286 1154 sacris
306 1088 442 1156 auditor
460 1085 496 1157 be
512 1081 595 1154 benis
610 1082 771 1175 potum&
784 1083 849 1154 fine
866 1087 941 1176 iege
952 1083 988 1156 ὅ(
1003 1084 1118 1154 ordine
1137 1085 1190 1155 se·

149 1182 158 1257 ,’
201 1179 292 1259 dens,
307 1200 377 1252 erat
397 1179 478 1271 jocis
492 1182 645 1270 &aliqua
661 1184 805 1251 novitate
820 1182 1025 1251 detinendus.
1062 1182 1100 1255 V
1099 1179 1189 1253 euim

199 1274 392 1362 inrisores,
409 1275 480 1350 (7⁶.
507 1281 612 1372 Satyri
627 1279 657 1344 in
672 1280 859 1370 Tragoedia
874 1274 952 1347 risus
967 1278 1073 1346 ciendi
1086 1286 1189 1371 gratia

198 1375 343 1462 quamvis
363 1373 571 1454 inducantur,
588 1375 774 1444 memineris
791 1393 897 1444 tamen
918 1391 950 1442 te
964 1374 1189 1465 Tragoediam

198 1490 312 1558 agere:
336 1469 372 1542 ἂ
395 1471 437 1536 ita
454 1468 554 1540 risum
570 1472 852 1560 attemperandum
871 1467 956 1553 effe,
978 1489 1014 1540 ut
1034 1471 1189 1563 Tragoe·

197 1564 283 1632 diam
292 1567 416 1633 deceat.
441 1566 532 1636 Nam
547 1567 627 1655 quid
639 1568 743 1656 magis
758 1566 970 1646 indecorum,
982 1565 1078 1656 quiam
1092 1565 1114 1633 st
1129 1588 1189 1638 rex
1227 1573 1236 1579 ’

197 1659 317 1748 aliquis
331 1678 386 1730 aut
406 1659 501 1732 heros
515 1662 742 1750 pulcherrimis
761 1664 796 1735 ὃς
816 1660 979 1754 regalibus
995 1662 1189 1752 conspersus

186 1752 367 1833 restibus,
381 1753 479 1827 subiti)
495 1754 680 1832 viliffimum
694 1758 824 1826 dicendi
840 1783 945 1851 genus
963 1755 1113 1845 arripiat?
1132 1772 1189 1828 aut

196 1847 315 1920 contri
331 1875 372 1924 ne
385 1852 522 1925 videatur
537 1852 654 1923 humili
669 1851 817 1923 sermone
831 1857 897 1934 uti,
921 1856 961 1925 ita
984 1853 1132 1933 infletur,
1152 1868 1189 1923 ut

194 1943 304 2017 nubes
318 1945 539 2019 transcendere
551 1947 722 2018 videatur?
747 1951 934 2044 Tragoedia
954 1951 1092 2037 denique
1104 1951 1190 2017 inter
1278 1974 1280 1981 ·

196 2063 369 2135 protervos
390 2046 522 2140 Satyros
547 2045 680 2133 pausum
702 2043 823 2115 interiit
849 2043 1060 2137 pudibunda,
1079 2039 1191 2111 fimitis

197 2158 355 2209 matronae
378 2143 493 2234 gravi,
515 2164 587 2232 quar
609 2139 696 2212 festis
721 2140 835 2214 diebus
860 2141 1034 2233 aliquando
1058 2139 1191 2232 cogitur

198 2235 331 2307 choreas
347 2238 479 2307 ducere.
499 2240 579 2308 Non
591 2261 651 2332 ego
666 2239 767 2309 inorn.
793 2242 875 2329 Quo
889 2236 973 2334 styio
987 2258 1191 2327 componen-

201 2333 237 2400 da
251 2330 309 2400 sant
331 2331 476 2422 episodia
489 2336 596 2402 docet.
628 2334 703 2404 Scio
714 2376 726 2413 ‚
738 2337 861 2427 inquit,
876 2335 976 2405 moris
991 2333 1074 2412 esse,
1090 2350 1126 2405 ut
1141 2330 1190 2402 sa·
1277 2381 1285 2387 -

200 2428 259 2520 tyri
276 2427 456 2499 scribantur
473 2429 580 2500 verbis
603 2428 775 2508 inornatis,
791 2431 823 2501 id
845 2429 911 2506 esi,
935 2427 1188 2500 communibus:

203 2523 509 2612 &dominantibu5‚
531 2526 565 2595 id
586 2525 649 2607 est,
670 2521 800 2613 proprie
819 2549 1082 2619 unamquamque
1098 2545 1190 2596 rems

202 2619 295 2689 etiam
318 2620 532 2700 obscoenam,
556 2621 807 2692 enuntiantibus.
839 2624 902 2692 Sed
915 2647 983 2713 ego
999 2644 1063 2687 non
1083 2615 1189 2686 s'olirtn
1225 2682 1228 2687 .

199 2711 248 2784 his
262 2740 321 2786 ero
336 2737 507 2789 contentus
522 2717 627 2788 verbis
643 2718 782 2808 propriis
795 2715 829 2788 ὅ(
840 2713 1111 2810 significantibus:
1127 2738 1190 2782 nee

173 2878 176 2885 .
197 2807 303 2881 foliam
318 2813 397 2884 iliud
413 2811 593 2883 observabo
605 2833 658 2893 ,ut
670 2815 795 2884 Silenus
810 2815 842 2882 in
852 2817 964 2905 Satyra
977 2811 1117 2881 mahom
1130 2809 1189 2880 dis·

197 2921 242 2976 tet
255 2909 297 2978 ab
310 2909 457 2979 ancillula
471 2910 657 2999 protervuia
667 2908 702 2980 δί
715 2911 826 2981 audaci
837 2950 849 2986 ‚
860 2931 931 2999 quae
942 2909 987 2980 est
1000 2913 1030 2978 in
1044 2909 1190 2980 Comoe-

199 3004 269 3072 dia:
286 3004 373 3076 Haec
390 3004 478 3077 enim
502 3003 699 3078 observanda
722 3004 882 3077 sonasset
904 3029 969 3074 non
986 3001 1090 3075 sotirm
1115 3002 1191 3090 (in-

201 3103 320 3192 quam)
339 3100 387 3173 his
401 3122 459 3171 ero
473 3119 664 3174 contentus:
679 3100 731 3171 sed
748 3126 789 3172 ex
809 3105 894 3172 notis
909 3103 944 3177 ὅ(
957 3101 1190 3174 εοιηετυῃὶὺυε

200 3196 306 3268 verbis
323 3197 386 3268 tale
401 3215 510 3267 texam
527 3221 675 3276 carmen,
696 3199 791 3288 quale
806 3197 938 3291 quisque
956 3199 985 3268 se
1004 3198 1093 3289 posse
1109 3219 1191 3285 prae-

200 3289 279 3363 iiare
291 3297 402 3364 credat
412 3321 420 3363 ε
432 3319 536 3386 quum
549 3313 657 3364 tamen
672 3295 704 3362 id
719 3298 913 3384 experiatur,
926 3295 1039 3367 frustra
1049 3295 1108 3365 erit
1119 3335 1129 3373 ,
1141 3293 1191 3362 lu·

201 3389 323 3481 detque
336 3413 483 3481 operam.
502 3391 611 3469 Nam,
625 3407 661 3460 ut
675 3389 836 3472 diximus,
852 3392 964 3461 callida
977 3392 1124 3483 junuura
1136 3387 1193 3456 tri·

200 3497 310 3557 torum
327 3489 506 3557 verborum
519 3505 643 3556 tantum
659 3485 762 3572 potest
772 3507 826 3562 ‚ut
839 3512 924 3559 nova
937 3486 973 3561 ὅ(
986 3486 1126 3558 inaudita
1140 3483 1192 3552 vi·

202 3583 304 3654 deeris
319 3580 448 3653 efferre.
473 3583 578 3678 Satyri
590 3582 730 3671 denique
748 3585 778 3652 in
793 3583 980 3678 Tragoedia
997 3606 1056 3651 nec
1071 3579 1130 3665 stnt
1142 3579 1191 3648 ni·
1276 3634 1282 3649 .

204 3679 305 3750 mium
322 3675 450 3756 lascivi,
465 3702 524 3748 nec
539 3676 686 3749 obscoeni
703 3677 738 3751 dt
753 3675 876 3770 spurci:
890 3705 963 3748 nam
980 3675 1191 3748 offenduntur

204 3776 347 3866 equites,
363 3776 419 3868 qui
436 3774 574 3865 speeiem
586 3775 827 3868 Tragoediam,
844 3776 1007 3866 &reliqui
1022 3771 1192 3852 homines,

204 3873 297 3967 etiam
313 3873 484 3945 vilestnec
500 3871 637 3960 probant
649 3913 660 3948 ,
672 3894 731 3939 nec
746 3875 881 3962 praemio
896 3869 1035 3965 dignum
1047 3869 1191 3965 judicant

204 3964 357 4043 Poenam:
370 3967 460 4044 Vide
473 3969 567 4066 adag.
586 3967 704 4043 Ciceris
719 3989 829 4057 emtor,
1034 3977 1036 3980 ⁴
1124 4060 1174 4134 H·

1166 4083 1193 4132 rs
