2859 4709
321 424 707 498 nss1‘ru0n131n
739 424 892 497 Linffl.
921 422 1003 501 ut.
1091 366 1175 519 '5⁵87
1208 456 1211 469 ¹

206 567 259 631 ta,
285 550 429 641 primitm
458 550 565 622 omnis
590 549 636 621 ob
662 551 754 625 nives
777 548 824 620 esl
850 547 962 620 invia:
986 548 1104 621 deinde
1127 548 1175 624 ob

206 648 416 720 nmanitatem
440 646 653 721 habitantium
675 647 807 718 inculta.
850 645 983 739 Scythae
1007 644 1078 717 sunt
1104 650 1175 715 An·

207 742 375 840 rophagi,
409 740 448 820 δι’
473 747 599 838 Sagae,
629 744 769 814 distincti
793 742 958 837 regione,
988 745 1064 836 quia
1096 740 1176 813 feris

207 858 300 924 atet,
328 840 366 914 δι
404 840 615 913 inhabitabili.
669 841 770 916 Valla
802 843 919 910 deinde
947 839 1071 914 iterum
1100 839 1177 913 loca

207 938 299 1011 elluae
321 938 489 1017 infestant,
513 937 616 1031 usque
644 941 685 1009 ad
713 953 861 1008 montem
888 938 1175 1008 mari‘imtninen-

208 1057 272 1112 tm,
303 1040 439 1108 nomine
464 1033 609 1107 Thabin.
651 1035 773 1130 Longe
797 1032 840 1104 ab
862 1057 905 1105 eo
928 1033 1062 1106 Taurus
1082 1034 1177 1105 attol-
1205 1111 1207 1114 ,

208 1148 266 1201 tut.
310 1135 409 1206 Seres·
432 1133 623 1209 intersunt,
654 1155 761 1226 genus
797 1130 933 1220 plenum
971 1129 1099 1226 justitiae
1132 1151 1177 1203 ex

208 1232 384 1303 nmmercio
401 1275 421 1312 ,·
440 1232 532 1324 quod
555 1227 653 1303 rebus
678 1232 711 1302 in
736 1227 912 1302 solitudine
937 1226 1087 1307 relidliss
1116 1225 1178 1304 ab!

208 1348 251 1397 :ns
278 1330 430 1424 peragit,
454 1325 672 1427 notissimum.
1165 1350 1169 1359 ·

447 1514 488 1600 e
515 1514 743 1631 Anus
801 1515 925 1604 v11.
986 1468 989 1473 ’

411 1648 413 1653 >
540 1659 748 1845 luni
788 1743 831 1798 n.

235 1910 324 1983 Ndia
350 1933 417 1982 non
437 1910 514 1983 Eoo
535 1924 662 1982 tantum
679 1906 827 1999 wappolita
849 1910 991 2004 pelago,
1016 1908 1071 1984 sed
1089 1907 1126 1984 ὅ(
1145 1906 1179 1983 ei

250 2010 341 2101 quod
375 2010 415 2078 nd
442 2005 616 2080 meridiem
645 2004 791 2098 spectans
818 2008 974 2079 Indicum
1008 2010 1179 2091 diximus,

208 2124 219 2179 t
254 2107 330 2177 hinc
367 2104 473 2178 Tauri
503 2103 623 2198 jugis,
652 2102 700 2176 ab
732 2104 903 2176 occidente
936 2105 1023 2179 I'ndo
1060 2104 1180 2187 finita,

208 2222 308 2274 tntum
330 2201 472 2295 spacium
497 2201 797 2292 littorisnceupat,
824 2219 983 2293 qnantum
1003 2226 1064 2295 per
1088 2201 1179 2273 sexa-

208 2301 272 2371 inta
304 2301 374 2373 dies
406 2295 583 2390 hostesque
615 2296 855 2370 velificantibus
887 2296 999 2371 cursus
1032 2297 1104 2378 est,
1134 2299 1179 2368 ita

208 2397 324 2469 tultum
349 2397 368 2466 it
399 2393 515 2468 nostris
540 2393 679 2466 abdudla
702 2392 926 2488 regionibus,
953 2414 990 2469 ut
1014 2397 1048 2467 in
1071 2395 1179 2486 aliqua

208 2492 359 2584 arreejus
378 2513 494 2565 neuter
510 2487 690 2582 septentrio
710 2510 883 2581 appareat,
900 2493 1057 2585 aliterque
1078 2512 1179 2585 quam

208 2612 215 2655 t
243 2589 313 2659 aliis
347 2591 437 2673 oris,
472 2587 599 2660 umbrae
626 2609 738 2658 rerum
768 2590 809 2656 ad
842 2589 1015 2658 meridiem
1042 2587 1180 2682 jaceant.

208 2684 354 2756 iaeterum
382 2684 518 2765 fertilis,
543 2681 696 2758 &uario
724 2706 848 2778 genere
874 2681 1073 2765 hominum,
1096 2685 1179 2755 alio·

208 2802 326 2874 amque
355 2780 544 2854 animalium
570 2780 679 2854 scatet.
729 2778 786 2852 Ali
822 2778 976 2851 formicas
1008 2803 1076 2852 non
1107 2780 1179 2851 mi—

208 2900 279 2949 ores
298 2878 456 2951 maximis
471 2876 625 2955 canibus,
648 2902 727 2970 quas
749 2900 846 2947 more
868 2875 1090 2970 Gryphorum
1115 2889 1178 2949 aui·

208 2976 414 3066 impenitus
449 2973 600 3067 egestum
635 2999 712 3046 runt
742 2971 869 3045 summa
895 2973 1041 3064 pernicie
1074 2975 1179 3047 attin·

208 3070 332 3143 entium
359 3070 522 3145 custodire
545 3087 821 3143 commemorante
860 3069 1030 3143 Immanes
1054 3069 1091 3146 δ(
1112 3069 1180 3142 ser*

208 3186 296 3242 entes
324 3169 452 3262 aliqui,
478 3187 516 3242 ut
544 3166 743 3257 Elephantes
776 3163 886 3238 morsu
920 3181 1020 3260 atque
1048 3165 1177 3239 ambitu

207 3268 328 3358 arpotis
353 3267 538 3339 conficiant.
586 3266 676 3336 Tam
705 3261 840 3360 pinguis
870 3261 1015 3344 alicubi,
1040 3261 1078 3337 dt
1108 3281 1178 3335 tam

207 3365 295 3435 tracis
322 3361 401 3444 soli,
424 3381 462 3436 ut
486 3356 519 3432 in
546 3384 590 3433 eo
614 3362 712 3433 mella
735 3357 906 3433 frondibus
932 3358 1096 3441 defluant,
1123 3359 1176 3431 la-

207 3481 236 3528 as
258 3458 356 3554 sylvae
382 3457 511 3538 ferant,
538 3460 738 3564 arpndimtm
763 3453 830 3532 filla
853 3456 1039 3530 internodia
1072 3456 1178 3543 veluti

206 3556 337 3626 avicula
372 3554 501 3641 binos,
529 3555 566 3631 &
595 3557 748 3649 quadam
777 3568 890 3625 ternos
913 3553 1011 3625 etiam
1043 3554 1178 3628 vehant.

206 3651 362 3722 {ultorum
395 3650 525 3726 habitus
559 3650 736 3744 moresque
769 3647 948 3720 diffimiles.
1001 3650 1089 3723 Lino
1121 3649 1177 3722 alii

205 3745 359 3818 siliuntur
390 3768 446 3821 aut
484 3749 597 3827 lanis,
630 3771 709 3842 quas
741 3744 913 3826 diximus,
946 3745 999 3817 alii
1029 3748 1177 3820 ferarum

205 3841 357 3935 triumque
380 3842 543 3937 pellibus,
574 3868 648 3937 pars
673 3843 754 3916 nudi
778 3856 914 3940 agunt,
947 3866 1020 3934 pars
1046 3839 1176 3915 tantum

205 3936 334 4012 bscoena
359 3940 476 4019 velati,
502 3941 554 4014 alii
578 3939 721 4015 humiles
745 3940 927 4032 parvique,
954 3939 1008 4012 alii
1034 3939 1079 4012 ita
1099 3963 1178 4035 pro·

205 4037 247 4109 eri
263 4037 311 4114 n
335 4063 478 4135 corpore
501 4038 671 4136 ingentes,
699 4055 739 4114 ut
768 4033 963 4134 Elephantis
992 4039 1129 4116 et‘nrns
1146 4034 1233 4188 {k
