2859 4709
203 434 279 509 370
414 406 557 479 Amo.
606 367 1010 477 oomni-snt

278 532 387 622 Anser
410 555 506 614 avet,
518 528 732 625 stagttumque
747 528 850 624 super
872 533 957 624 pede
981 525 1120 624 remigat
1140 525 1202 604 udo

275 631 425 727 Depillu
448 631 581 700 cervicis
605 652 707 706 anas,
730 629 911 722 prolemque
937 648 1090 698 notatum
1227 702 1229 706 ¹

203 733 456 830 4301nvitans‚
479 748 564 794 nunc
586 745 677 794 (κιαι
700 724 792 819 aquis
815 747 898 794 nunc
925 726 1086 819 mergitur
1112 721 1185 798 alti.

280 825 391 918 Erigit
414 823 575 916 explicitae
592 843 755 913 gemmata
780 821 945 890 uolumina
967 823 1083 892 caudae

279 921 478 1008 Ambitiosus
500 942 633 992 amans,
654 937 689 986 at
707 915 798 1007 ficu,
824 917 1008 1010 &polline
1029 917 1139 1012 gliscit

280 1019 408 1093 Pellaei
432 1038 529 1085 eatttu
556 1017 705 1106 deceptus
729 1013 771 1082 ab
797 1030 920 1105 aucupe
942 1016 1072 1086 turdus.

282 1112 396 1205 Infidis
423 1112 535 1182 mutilo
561 1130 697 1184 turtur,
715 1107 842 1204 seseque
857 1110 1021 1202 saginans

210 1231 279 1311 435
294 1215 407 1282 Rauca
424 1209 550 1300 gemit,
573 1203 738 1300 dulcesque
761 1205 855 1293 miser
866 1204 1014 1301 suspirat
1031 1229 1175 1286 amores,

280 1311 351 1380 Flet
378 1305 496 1375 viduus
518 1305 658 1398 perdix,
683 1302 825 1394 queritur
846 1305 1027 1397 peregrina
1046 1301 1207 1378 eotluunits

281 1397 397 1490 Inelufi
422 1399 528 1471 caveis
541 1442 555 1476 ,
582 1399 635 1470 his
663 1422 748 1471 caeca
772 1401 938 1471 cuniculus
962 1424 1065 1474 antra

281 1502 452 1571 Excauat,
476 1495 530 1566 hia
543 1495 634 1592 septo
649 1516 822 1592 praegnans
839 1497 926 1590 lepus
939 1519 1028 1568 errat
1040 1501 1078 1572 in
1094 1497 1206 1594 arnplos

282 1595 512 1687 Capreolique,
529 1593 734 1688 hinnulique,
753 1592 942 1666 &aduncis
962 1594 1114 1667 dentibus
1132 1598 1195 1692 apri

208 1711 285 1789 440
293 1685 366 1762 Hbc
382 1687 526 1784 stertunt
547 1690 672 1781 glires,
696 1685 755 1760 hic
768 1686 899 1777 semitm
914 1686 1010 1778 sutae
1030 1695 1168 1766 eclimus.

286 1787 428 1859 Daedala
441 1782 633 1875 somniferos
654 1806 813 1879 peragunt
836 1786 980 1855 exatninu
1001 1787 1154 1868 bombos,
1173 1803 1176 1810 '

285 1885 451 1979 Plenaque
475 1882 620 1974 captivos
636 1883 774 1970 seruant
801 1883 930 1954 vivaria
948 1883 1068 1976 pisces.

285 1983 416 2055 Scilicet
437 1980 485 2051 his
509 1979 622 2075 opibus
645 1975 773 2073 placidi
785 1978 849 2063 sua
873 1996 1009 2073 corpora
1030 2003 1168 2066 curam,

285 2078 469 2173 Dulciaque
494 2077 577 2146 iuter
589 2074 630 2162 se
652 2077 720 2146 Leti
746 2076 859 2146 tellure
882 2074 1039 2170 magistra

214 2171 415 2271 4450fficiu
439 2195 608 2250 exercent,
630 2192 664 2242 ut
688 2195 758 2266 quae
782 2195 881 2265 neque
897 2168 988 2260 serre
1014 2172 1134 2262 recuset

288 2272 478 2364 Ittqoerium,
504 2291 604 2366 neque
622 2292 685 2339 non
705 2271 828 2363 grandi
853 2268 994 2340 mercede
1016 2274 1188 2363 rependat,

286 2371 327 2442 Si
355 2391 417 2463 qua
443 2363 615 2449 laborifero
640 2364 792 2435 debentur
809 2360 909 2452 sarra
930 2366 1053 2438 colono.

287 2465 349 2533 Ille
368 2483 498 2542 autem,
525 2459 566 2534 (7
591 2463 716 2532 uolucri
738 2462 820 2555 petit
844 2464 946 2532 ardua
963 2459 1079 2554 fidera
1102 2482 1208 2542 metue,

290 2563 522 2653 Scrutaturque
535 2555 668 2651 sugast,
693 2581 765 2651 quae
782 2555 826 2649 fit
842 2558 1006 2643 sententia
1035 2558 1149 2632 divlm

217 2674 291 2751 450
298 2657 393 2748 Quid
417 2677 545 2754 quaeque
565 2676 748 2748 emergens,
764 2653 953 2743 latitansue,
975 2655 1142 2743 oriensue,
1163 2677 1209 2726 ca·

339 2755 399 2825 den
414 2755 454 2823 've

287 2759 530 2942 oretisque,
547 2848 624 2942 quid
642 2844 846 2940 quadruplici
865 2849 947 2919 celer
965 2844 1082 2942 afferat
1099 2870 1194 2918 armus

289 2948 451 3024 Cardine,
470 2968 541 3037 quae
553 2944 674 3031 sulcis,
691 2968 761 3037 quae
770 2943 836 3036 sint
843 2941 932 3037 slata
954 2965 1097 3039 tempora
1116 2940 1213 3032 mtffi,

291 3039 443 3133 Quidque
458 3061 555 3131 pecus
573 3041 667 3109 vebat
683 3043 853 3123 Olenium,
870 3066 932 3133 qua
952 3040 1114 3136 grandine
1129 3038 1214 3108 collis

293 3137 389 3208 Trux
410 3138 506 3227 Nepa
527 3136 702 3228 dilapidet,
731 3163 791 3232 qua
812 3138 938 3207 turbine
954 3137 1076 3231 surgat
1097 3136 1215 3210 Oriens

221 3248 266 3326 45
274 3250 291 3327 ς
303 3230 396 3322 Quos
405 3233 583 3323 glomerent
596 3232 736 3313 imbreis,
748 3256 804 3306 aut
812 3230 935 3327 preffits
944 3234 1075 3303 Arione
1084 3229 1216 3326 Delphin

295 3335 369 3398 Aut
386 3329 500 3404 Pleas,
518 3325 844 3423 Arllurusquesenex
855 3373 865 3411 ,
877 3327 1075 3425 Hyadesque
1088 3330 1218 3425 puellaet

296 3427 390 3497 Unde
415 3423 523 3492 bibant
548 3426 654 3495 herbae
682 3428 786 3497 diuini
809 3428 927 3522 pocula
945 3428 1061 3499 laedis:

275 3523 363 3608 ¹Cur
388 3519 501 3613 rubigo
519 3521 630 3604 satis,
654 3526 815 3617 uredoque
841 3523 961 3593 vitibus
983 3516 1084 3612 obfit:

300 3614 391 3704 Quid
413 3617 542 3688 nebulas
565 3616 696 3712 abigat,
721 3614 973 3713 tempestatesque
996 3618 1156 3713 repellat:

225 3712 299 3803 460
308 3711 405 3802 Quod
426 3735 522 3785 vento
544 3714 730 3807 ingenium,
751 3740 829 3808 quae,
844 3715 942 3786 nubes
966 3716 1064 3801 causa
1075 3714 1219 3801 serenet:

300 3808 452 3899 Quidque
455 3806 553 3902 silens
564 3813 840 3906 moueat,quidque
850 3813 933 3882 inter
943 3809 1104 3906 menslrua
1113 3809 1224 3884 Piuebe

303 3905 367 3977 Vel
389 3929 459 3975 cum
480 3909 576 4000 plenu
601 3928 704 3984 meat,
720 3909 775 3977 uel
792 3934 862 3980 tum
881 3907 1060 3995 decrescere
1080 3909 1211 3998 rursum

302 4001 431 4096 Incipit.
464 4003 520 4076 ille
543 4005 639 4076 etiam
661 4026 833 4089 numeros,
857 4005 1001 4104 legesque
1022 4006 1150 4080 dierum

1144 4105 1229 4184 ern
