2859 4709
457 430 529 495 rit
575 419 965 497 Nurrtr'crm
1149 442 1218 519 441

208 547 430 644 lampodemi
451 573 592 649 rogant,
615 556 704 644 Quis
722 553 822 630 effeti
867 556 991 629 Vatem
1005 547 1049 622 ise
1069 549 1131 623 elle
1150 549 1218 623 res·

198 652 348 738 ⁴ponder.
397 651 451 721 Illi
476 654 563 723 ultro
588 652 786 740 pollicentur
813 654 916 723 boves
941 652 1095 726 daturos,
1120 649 1143 718 st
1166 673 1217 736 ar·

209 761 280 814 tem
306 747 448 841 aliquam
474 746 656 828 inveniret,
685 775 748 845 qua
774 749 939 825 Liberos,
967 743 1116 834 Iphiclus
1139 741 1216 835 pos·

209 836 256 911 set
283 844 442 916 invenire.
488 846 682 934 Melampus
708 849 788 928 Jovi
818 846 940 917 bovem
964 840 1134 913 sacrificat:
1153 867 1216 913 vo·

207 935 358 1012 luctibus
378 939 549 1013 'omnibus
577 943 785 1032 portionibus
811 942 979 1033 dispertit:
1012 961 1127 1009 omnes
1151 939 1215 1009 ad-

205 1029 344 1108 fuerunt
373 1058 494 1129 praeter
516 1039 715 1112 vulturem:
742 1041 855 1133 Rogat
883 1036 950 1108 illas
983 1036 1024 1106 de
1053 1035 1216 1129 progenie
1248 1111 1251 1123 ,

205 1128 382 1221 Iphiclea:
405 1139 517 1208 dicunt
543 1132 608 1206 sese
634 1135 807 1209 dubitare:
833 1137 888 1206 sed
911 1155 1021 1206 tamen
1044 1136 1214 1205 vulturem

204 1229 387 1310 arcessunt,
402 1237 459 1326 qui
482 1233 612 1303 indicet.
648 1236 775 1308 Vultur
796 1235 929 1305 veniens
950 1229 1120 1302 sterilitatis
1137 1253 1215 1298 cau·

204 1321 275 1394 fam
307 1323 413 1399 statim
441 1330 579 1421 aperuit.
631 1331 801 1408 Iphiclum
835 1355 876 1402 ex
902 1345 1065 1420 concepto
1090 1327 1213 1398 timore

204 1415 349 1494 sterilem
379 1425 592 1515 permansisse.
637 1428 729 1497 Nam
752 1453 855 1520 quum
884 1429 1009 1496 videret
1035 1425 1211 1518 aliquando

206 1515 380 1624 Phylucus'
398 1521 505 1596 filium
533 1523 702 1614 Iphiclum
727 1516 883 1595 indecori²
909 1523 941 1593 le
961 1522 992 1593 se
1015 1540 1211 1617 gerentem,

207 1632 286 1693 ruti
323 1619 426 1690 boves
461 1619 678 1700 cubantem,
711 1619 823 1691 stridio
849 1619 962 1714 gladio
987 1643 1065 1690 eum
1091 1617 1209 1708 perse·

208 1709 398 1803 puebaturt
434 1741 534 1808 quem
570 1741 674 1807 quum
702 1717 950 1808 apprehendere
976 1739 1044 1785 non
1079 1711 1184 1806 pollet
1197 1755 1214 1796 ‚·

210 1808 404 1900 gladiumin
426 1812 617 1884 Achetdum
636 1814 694 1904 (id
714 1814 842 1886 fruticis
868 1809 983 1904 spinosi
1006 1835 1113 1905 genus
1135 1809 1208 1901 est)

211 1907 348 1992 inpulit.
397 1908 492 1988 Juffit
515 1911 621 2003 ,igitur
654 1911 767 1984 vultur
791 1910 944 2006 gladium
970 1935 1013 1980 ex
1050 1907 1208 1977 Acherdo

213 2001 343 2082 tdferri‚
365 2003 618 2100 robiginemque
641 2008 785 2078 detrahi:
808 2001 1051 2098 potandumque
1070 2007 1103 2072 in
1128 2005 1208 2075 vino

214 2120 263 2168 ter
290 2103 408 2172 decem
432 2107 500 2174 dies
525 2102 657 2194 Iphiclo
683 2106 761 2176 dari.
796 2106 904 2195 Quod
929 2127 1032 2196 quum
1057 2101 1208 2190 Iphiclus

215 2194 350 2280 eritrea,
380 2201 494 2292 genuit
523 2201 713 2281 Podarcen,
742 2204 898 2294 deditque
924 2199 1027 2270 boves
1053 2199 1206 2270 Melam-

217 2295 302 2364 iodi:
329 2321 420 2389 quas?
434 2296 489 2366 ille
507 2297 599 2368 fratri
618 2298 778 2379 donavit,
804 2322 872 2390 quo
900 2299 990 2368 dono
1015 2296 1089 2366 Bias
1112 2294 1206 2365 duxit

217 2392 384 2473 'etonem‚
404 2392 447 2466 ex
471 2419 535 2484 qua
557 2393 671 2487 genuit
700 2395 870 2474 penaten,
896 2396 1057 2474 Merum,
1083 2393 1119 2468 ὅ(
1142 2391 1205 2464 ΑΙ-

219 2487 408 2563 ·hefiboean.
453 2483 545 2562 Mir‘e
577 2493 699 2561 variant
726 2490 881 2562 authores
909 2490 1010 2584 hujus
1039 2488 1203 2559 narratio-

221 2585 269 2665 is‚
297 2605 393 2679 atque
408 2590 493 2657 adeo
516 2584 582 2678 ipse
601 2588 773 2682 Didymus
793 2586 939 2658 sibinen
963 2584 1096 2657 constat.
1134 2583 1204 2653 Hic

220 2685 263 2751 ait
288 2682 342 2754 ille
360 2685 573 2774 Melampus,
598 2685 655 2775 qui
678 2684 761 2757 filias
783 2686 883 2756 Praeti
906 2686 994 2777 regis
1018 2681 1060 2752 ab
1086 2679 1203 2752 insania

221 2797 335 2850 uravtt.

248 2876 379 2970 ils-236.
405 2871 519 2968 Quid,
546 2879 598 2953 rui
617 2874 688 2978 post
713 2877 836 2968 visos.)
867 2869 1032 2948 Tiresiam
1060 2873 1203 2948 Theba·
1277 2881 1282 2887 “

223 2998 280 3046 um
307 2993 418 3045 vatem
440 2975 603 3072 intelligit.
642 2981 796 3067 Propert.

243 3075 409 3163 Magnam
433 3069 571 3168 Tirefius
594 3073 757 3173 prospexit
783 3070 924 3144 Pallada
945 3091 1037 3144 vater
1070 3159 1076 3167 „

293 3170 406 3240 Fortia
428 3170 504 3239 dum
523 3171 626 3268 postca
653 3175 801 3267 Gergonc
825 3166 962 3238 membra
988 3169 1088 3239 lavat.

228 3281 297 3337 xtat
322 3264 555 3357 elegantiffima
570 3267 769 3342 ‘Callimachi
787 3264 906 3358 Elegia
932 3266 973 3332 de
998 3263 1058 3336 hac
1084 3265 1202 3337 eadem

227 3389 253 3445 tr
277 3385 398 3532 guar}z
412 3361 891 3554 {plitianusoljalisnzmsfecti‘t
933 3357 1045 3529 Vidg(
1057 3361 1203 3528 Igisscgll.

227 3478 266 3552 lp»
300 3479 334 3530 0·
463 3483 567 3533 Omer-
699 3516 706 3532 .
800 3479 846 3530 isa
874 3479 992 3534 onem,
1120 3484 1137 3525 C
1184 3495 1203 3515 ⁸

228 3581 265 3625 ,m
289 3554 322 3623 in
334 3555 460 3653 septem
487 3564 530 3632 ad
554 3486 694 3631 Thetis.
710 3555 894 3632 &Pansam
918 3550 955 3626 dt
980 3552 1094 3626 vater.
1120 3483 1201 3628 Mi-

232 3677 337 3723 mum.

242 3770 322 3843 237.
347 3746 454 3843 Quem
474 3751 571 3846 impio
585 3749 732 3847 prodidit
753 3734 864 3839 uxor.)
891 3743 1132 3839 Amphiaraum
1151 3746 1203 3842 dis·

230 3865 259 3928 t,
282 3871 384 3940 quem
407 3870 495 3920 uxor
513 3848 673 3945 Eryphile
690 3868 811 3940 torque
836 3867 939 3917 aureo
963 3864 1102 3938 accepto
1121 3871 1202 3938 pro-

231 3945 288 4015 dit.
333 3944 416 4016 Huc
447 3939 509 4017 lat'e
536 3947 656 4021 Statius
692 3949 728 4027 in
761 3942 919 4019 Thebaid.
963 3943 1135 4016 Pausanias
1165 3945 1202 4017 in

231 4041 320 4118 tricis
346 4039 455 4119 scribit
488 4043 689 4140 Mantheiou
713 4037 910 4144 Amphiprai
938 4043 1027 4139 opud
1051 4042 1203 4210 Oropffs

244 4159 258 4172 ⁸
1126 4161 1147 4214 e
1172 4161 1208 4213 Gr
