2859 4709
239 416 314 479 200
458 392 571 464 Pon.
605 385 1029 464 0v1n11Ntsom-

219 661 1194 785 -P.OViDIINASONlS

456 844 1030 939 ιΝρυΕΝῡΑΜ,

347 975 565 1080 QUEM
613 968 889 1053 vocat
939 963 1131 1068 totu,

622 1105 869 1193 LIBER.

441 1240 1049 1359 incomomrom

235 1380 245 1430 5
339 1385 452 1456 Nmm.
476 1400 575 1475 agens
591 1375 684 1461 Naso
702 1373 1009 1472 quinquagefimum‚
1030 1377 1074 1448 ab
1089 1368 1248 1474 Augusto

357 1477 552 1572 Imperatore
570 1474 604 1544 in
622 1474 759 1545 Pontum
773 1473 936 1566 relegatus
950 1469 1001 1566 ιβ.
1032 1479 1121 1546 Dum
1136 1495 1245 1547 autem

213 1597 216 1603 '
236 1570 497 1654 'exularet,inter
509 1568 702 1663 reliquasua
713 1567 1028 1665 opero‚inveiiivam
1042 1571 1076 1643 in
1083 1571 1243 1667 'quendam

239 1673 361 1753 edidit,
379 1692 488 1763 quem,
506 1665 638 1762 proprio
655 1671 779 1735 nomine
792 1660 971 1758 supprcffo,
993 1665 1069 1736 Ibin
1088 1668 1243 1761 appellat.

238 1770 334 1840 Sicut
347 1765 562 1839 Callimachus
578 1762 631 1855 qui
644 1762 740 1831 etium
750 1760 812 1847 sub
828 1762 885 1830 hoc
898 1763 1025 1831 nomine
1030 1764 1243 1859 Apollonium

237 1861 391 1935 Rhodion
412 1863 481 1954 ejus
500 1856 689 1951 discipulum
706 1858 787 1929 diris
803 1857 1078 1950 imprecationibus
1096 1863 1243 1935 devovit.

211 1970 214 1975 ’
240 1959 297 2029 De
311 1959 403 2028 Ibide
416 1979 522 2026 autem
535 1956 583 2024 ita
585 1950 703 2040 scribit
718 1953 808 2023 Ptin.
828 1953 979 2022 lib.v1110
995 1981 1022 2026 c.
1039 1975 1099 2045 32.
1125 1956 1241 2029 Simile

239 2054 400 2145 quiddam
426 2049 463 2123 ἀ
487 2046 634 2120 volucris
655 2051 687 2118 in
708 2051 825 2117 eadem
850 2049 1003 2143 AEgypto
1027 2046 1245 2134 monstravit,

241 2172 318 2242 quac
335 2166 472 2219 vocatur
490 2146 581 2224 Ibis,
598 2143 693 2239 rostri
708 2145 891 2214 aduncitate
907 2168 965 2235 per
980 2171 1053 2216 eam
1069 2164 1190 2237 partem
1207 2146 1243 2220 se

240 2247 424 2335 proluens,
441 2265 506 2333 qua
530 2240 623 2312 reddi
648 2241 802 2313 ciborum
825 2263 923 2309 onera
945 2243 1089 2313 maxime
1111 2242 1242 2315 salubre

241 2339 299 2409 est.
337 2341 525 2410 Herodotus
547 2360 625 2407 veto
646 2338 803 2428 duplicem
824 2335 877 2428 ιβι
900 2337 997 2417 dicit,
1021 2341 1155 2411 aiteram
1181 2348 1242 2410 ni-

239 2439 354 2529 gram}
370 2436 647 2505 aiteramct'eoniae
659 2457 723 2504 nott
740 2431 921 2527 ahfimiiem
933 2431 994 2517 sed
1013 2455 1118 2505 tamen
1133 2434 1243 2507 diver·

232 2531 328 2618 sam,
344 2535 385 2603 de
401 2531 462 2601 itae
482 2530 579 2600 etiam
595 2530 710 2600 Cicero
726 2528 781 2599 lib.
792 2551 827 2604 2.
849 2532 890 2598 de
912 2527 992 2596 Nat.
1020 2530 1173 2600 Deorum
1189 2527 1244 2623 fic

240 2627 307 2696 ait:
332 2627 436 2699 Velut
453 2623 533 2696 lbet
548 2625 729 2695 maximam
754 2627 822 2695 vim
840 2624 1027 2713 serpentum
1044 2626 1247 2710 conficiunt,

239 2743 321 2790 cum
350 2719 410 2792 sint
443 2720 709 2798 aves-exceliat,
739 2719 855 2815 rigidis
889 2718 1060 2800 cruribus,
1090 2721 1260 2803 comem

239 2838 451 2911 proceroque
484 2815 616 2897 rostro,
652 2834 801 2913 avertunt
828 2814 954 2906 pestem
990 2815 1031 2888 ab
1062 2820 1242 2914 AEgypt0‚

241 2934 321 2983 cum
358 2914 510 2984 volucres
549 2936 702 3007 angues,
742 2937 785 2984 ex
809 2910 953 2984 vastitate
989 2912 1107 3010 Libyae
1138 2933 1242 2987 vento

240 3007 360 3078 Africo
387 3006 531 3078 invemat
551 3006 793 3084 interficiunt,
822 3026 919 3101 atque
949 3006 1172 3083 consumunt:
1197 3034 1244 3084 ex

239 3127 311 3194 quo
333 3101 369 3172 fit
391 3123 427 3176 ut
452 3102 515 3173 itta
534 3105 619 3173 vivae
640 3127 702 3172 nec
730 3100 843 3173 morsu
860 3121 1021 3185 noceam,
1047 3129 1108 3176 nec
1135 3109 1244 3179 odore

238 3217 394 3272 mortua.
438 3200 520 3270 Haec
541 3199 604 3270 ilie.
649 3203 729 3272 Cum
752 3201 859 3293 itaque
878 3220 971 3269 tanta
985 3198 1030 3292 fit
1053 3202 1149 3296 hujus
1168 3205 1244 3275 atris

230 3294 421 3385 spurcum,
446 3316 482 3364 ut
510 3295 643 3387 proprio
669 3319 726 3366 ore
751 3317 894 3367 uentrem
914 3318 1060 3391 purget,
1086 3299 1244 3369 Callima·

238 3392 318 3463 chus
354 3391 564 3478 adversarum
590 3388 986 3485 tanquamfndiffimum,
1020 3411 1056 3462 ut
1085 3394 1244 3466 hominem

239 3484 364 3559 nuliius
389 3487 548 3567 decoris,
574 3483 616 3560 Θ·
646 3488 926 3560 commendationis
954 3484 1151 3581 fignificat,
1182 3492 1242 3563 itoc

239 3586 367 3656 nomine
394 3582 579 3656 vocitavit.-
603 3579 645 3651 ad
669 3584 762 3675 cujus
782 3584 989 3672 imitationem
1012 3585 1154 3656 Ovidius
1178 3586 1245 3657 ini·

238 3679 354 3749 micum
379 3703 497 3773 quoque
514 3677 608 3760 suum
636 3676 727 3747 lbim
754 3679 940 3750 nominavit.
980 3680 1115 3768 Causam
1136 3702 1243 3753 autem

238 3773 366 3864 hujusce
397 3774 625 3844 maledicentiae
652 3773 734 3843 hanc
753 3771 851 3866 fuiffe
878 3773 1005 3867 ipsemet
1032 3779 1155 3871 aperit:
1174 3775 1243 3862 sol·

240 3867 387 3939 licitabat
414 3870 520 3962 poi'cae
548 3892 711 3942 uxorem,
738 3869 779 3942 (θ’
811 3870 933 3963 lingum
965 3897 1085 3942 veneno
1112 3872 1241 3944 auribus

228 3963 424 4052 sujurraim
441 4009 452 4052 ,
470 3984 505 4036 ut
523 3962 643 4040 diutins
664 3963 758 4038 ilium
773 3964 958 4041 inutilium
978 3991 1203 4042 remoraretur.

1085 4065 1241 4159 Tempus
