2859 4709
272 442 345 529 '400
477 430 1070 508 AacPoutumuu

343 560 423 635 Sola
445 580 547 632 tamen
563 556 666 654 justos
690 560 967 648 virtus-adsciscit
993 564 1143 644 honore,

342 660 481 752 Solaque
496 657 535 743 se
559 651 671 726 meriti
694 659 827 726 tautum
841 656 974 752 fulgore
1000 681 1164 741 coronat,

269 770 342 855 '420
350 753 439 845 Quin
466 756 562 824 etiam
586 753 710 847 ignaris
728 750 885 845 praferre
910 756 1078 851 nepotibus
1100 775 1189 850 optat

341 853 452 925 Prima
466 846 594 938 factm,
616 875 655 921 ac
676 843 844 941 morstrare
868 853 972 933 vium,
994 877 1067 946 quae
1093 859 1208 928 tendat
1231 856 1262 929 in

388 948 486 1018 altum
667 968 675 981 ¹

188 1047 192 1054 ’
241 1082 243 1087 <
342 1046 494 1124 Culmen,
518 1042 559 1116 (θ’
581 1039 598 1113 i
622 1040 702 1128 celso
719 1041 889 1129 scandenti
906 1063 1055 1141 porgere·
1075 1048 1239 1130 dextram,

338 1140 445 1230 Quem
462 1165 561 1236 neque
572 1135 751 1234 posteritas,
761 1163 861 1234 neque
875 1145 983 1236 tangit
985 1139 1084 1229 sama
1089 1142 1257 1242 supersita:

340 1241 466 1328 Nempe
486 1238 561 1306 aliis
583 1236 727 1331 exempla
741 1235 806 1329 sibi
825 1239 925 1308 viram
948 1238 1077 1312 invidet
1097 1263 1218 1314 amens.

266 1337 436 1431 '425Ergo
446 1331 506 1418 sub
528 1333 642 1404 Iliacis
667 1333 858 1403 uallantem
871 1337 991 1426 praelia
1013 1338 1116 1411 muris

340 1430 457 1501 Graius
479 1431 639 1500 Achilleis
662 1432 800 1525 populus
824 1430 993 1502 donaverit
1015 1435 1139 1504 armis:
1204 1512 1206 1520 ,

336 1525 389 1597 Tu
413 1520 487 1594 veri
513 1524 633 1612 emenso
655 1549 726 1617 quae
751 1523 825 1621 gtffi
841 1527 983 1619 plurima
1002 1548 1134 1622 ponto,

336 1620 483 1715 Quaque
507 1625 588 1702 tuli,
605 1622 694 1692 nullo
718 1644 809 1693 vates
834 1623 1007 1718 dignabere
1032 1646 1162 1708 cantu,

335 1718 441 1808 Quem
456 1717 561 1804 solum
585 1739 678 1790 vocat
700 1715 753 1812 ifle
779 1719 887 1800 labor,
911 1722 963 1791 cui
979 1721 1114 1819 pallore
1132 1728 1226 1820 plena

166 1853 170 1859 ·
263 1816 469 1914 'qqucfluit
493 1819 642 1889 illatura
659 1813 749 1904 felix
772 1817 934 1911 opulentia
956 1819 1098 1914 linguae.¹

217 1952 221 1959 ·
336 1915 464 2010 Incipe,
477 1937 609 2007 namque
624 1911 740 1991 adero,
751 1906 937 2007 ζητήσω
954 1934 1009 1986 rua
1022 1918 1255 2012 coeptajirvalo.

333 2012 416 2082 Haec
428 2011 495 2092 ait,
508 2010 549 2086 (5¹
561 2009 686 2103 pariter
700 2007 906 2103 somnusque,
927 2012 1120 2108 Ithacusque
1134 2014 1255 2108 receffit.

274 2123 276 2131 ’
334 2108 400 2179 Ille
425 2131 509 2177 novo
529 2107 639 2192 rursus
664 2105 820 2194 musarum
847 2109 990 2198 percitus
1013 2107 1101 2204 astro

333 2202 480 2278 Concinit
500 2203 637 2298 abiegna
660 2206 795 2293 Danaos
819 2204 1023 2298 compagibus
1045 2206 1114 2277 alui

259 2299 518 2396 '4350ccultos‚
535 2298 576 2374 (5
600 2302 673 2395 equi
697 2299 832 2380 molem,
842 2298 996 2389 fraudem
1017 2326 1058 2373 ue
1084 2303 1233 2382 Sinonis,

330 2397 509 2490 iudiciique
533 2417 618 2465 metu
639 2394 829 2491 praeclusum
852 2397 970 2492 pollice
984 2326 1126 2484 sancet,

328 2493 491 2562 ‘Auriclon
502 2493 687 2587 Ortygiam
696 2536 707 2574 ,
711 2495 926 2587 populataque
934 2493 1097 2590 Pergama
1099 2494 1253 2592 flammis,

331 2587 538 2683 Dtsseliasque
562 2609 664 2672 rates,
682 2591 883 2684 patriumque
904 2585 925 2658 h
949 2592 1087 2663 Pallade
1110 2590 1224 2683 mulum

330 2688 481 2766 Fulmen,
507 2685 701 2780 Oilielenque
724 2688 836 2780 ignes,
860 2686 1070 2781 &sulphura
1086 2685 1159 2775 fixo
1289 2734 1291 2738 -

255 2796 329 2881 '440
337 2784 471 2854 Peilore
488 2777 703 2875 proflantem,
727 2783 819 2876 te'qne
838 2782 1016 2878 importuni
1039 2786 1230 2876 Capharen,

327 2883 401 2954 Nec
417 2877 546 2973 faciles·
563 2880 714 2959 Ciconas,
730 2875 974 2974 fortunatosque
1003 2882 1140 2953 cilo'rum

328 2977 554 3070 Lotophagos,
579 2973 715 3069 vino'que
729 3001 863 3071 grauem
886 2977 1024 3075 Cyclopa
1043 2997 1099 3071 per
1120 2996 1255 3047 antrum

273 3080 276 3086 '
326 3073 557 3166 Exporrellum
571 3072 704 3169 ingens,
725 3074 920 3167 humanaque
930 3070 1039 3167 srujla
1057 3093 1235 3156 vomentem

325 3171 442 3240 Mixto
453 3168 558 3248 mero,
575 3171 669 3264 inque
679 3170 770 3242 horris
786 3169 967 3264 constrillos
978 3191 1105 3264 tergore
1118 3186 1252 3250 ventat,

254 3270 381 3367 '445Et
411 3267 556 3338 Larcium
584 3267 811 3362 Antiphaten,
836 3267 879 3344 (9·
899 3263 1052 3362 virgam,
1076 3264 1117 3340 Θ·
1134 3267 1250 3363 pocula

372 3367 508 3444 Circes,

324 3461 576 3556 Cimmerionque
596 3461 728 3541 domos,
750 3459 990 3554 Everrialenque
1015 3463 1157 3532 locutum

322 3563 417 3639 Vera
433 3560 562 3646 senem,
579 3557 715 3652 fusoque
738 3559 867 3631 alleilos
883 3559 1042 3654 sanguine
1067 3555 1211 3638 mancis,

323 3661 369 3730 Et
391 3656 490 3728 maris
514 3656 700 3738 illecebras,
725 3678 892 3750 vocemque
913 3647 1041 3750 impune*
1064 3677 1191 3727 canorae

323 3756 480 3850 Virginis
502 3751 668 3835 aulicam,
695 3755 917 3854 Scyllamque,
946 3752 1136 3847 avidamque
1161 3749 1247 3825 Cha

372 3852 512 3927 rhein,

250 3877 578 4050 qqolarirpnienque
599 3947 686 4042 patri
704 3945 830 4020 uiolata
847 3959 990 4020 armena
1010 3967 1212 4043 querentem,

322 4044 543 4142 Immersosque
565 4043 805 4137 unlir'socios,
826 4048 986 4147 ipsumque
1009 4054 1177 4213 natarrteqn
1203 4138 1206 4147 ι

636 4166 641 4183 “
1164 4159 1244 4213 rttus
