<?xml version="1.0" encoding="UTF-8"?>
<!DOCTYPE html PUBLIC "-//W3C//DTD XHTML 1.0 Transitional//EN"
    "http://www.w3.org/TR/xhtml1/DTD/xhtml1-transitional.dtd">
<html xmlns="http://www.w3.org/1999/xhtml" xml:lang="en" lang="en">
 <head>
  <title>
</title>
<meta http-equiv="Content-Type" content="text/html;charset=utf-8" />
  <meta name='ocr-system' content='tesseract 3.04.00' />
  <meta name='ocr-capabilities' content='ocr_page ocr_carea ocr_par ocr_line ocrx_word'/>
</head>
<body>
  <div class='ocr_page' id='page_1' title='image "./operaomniaunacu00siscgoog/operaomniaunacu00siscgoog_0114.png"; bbox 0 0 2859 4709; ppageno 0'>
   <div class='ocr_carea' id='block_1_1' title="bbox 290 338 1074 495">
    <p class='ocr_par' dir='ltr' id='par_1_1' title="bbox 290 338 1074 495">
     <span class='ocr_line' id='line_1_1' title="bbox 290 338 1074 495; baseline -0.008 -30"><span class='ocrx_word' id='word_1_1' title='bbox 290 391 419 467; x_wconf 80' lang='lat' dir='ltr'>m6-</span> <span class='ocrx_word' id='word_1_2' title='bbox 458 338 1074 495; x_wconf 58' lang='lat' dir='ltr'>Q·Honnu1rFunccr</span> 
     </span>
    </p>
   </div>
   <div class='ocr_carea' id='block_1_2' title="bbox 545 584 984 665">
    <p class='ocr_par' dir='ltr' id='par_1_2' title="bbox 545 584 984 665">
     <span class='ocr_line' id='line_1_2' title="bbox 545 584 984 665; baseline 0.005 -3"><span class='ocrx_word' id='word_1_3' title='bbox 545 584 984 665; x_wconf 64' lang='lat' dir='ltr'>Ecrunnsru</span> 
     </span>
    </p>
   </div>
   <div class='ocr_carea' id='block_1_3' title="bbox 200 744 1285 2336">
    <p class='ocr_par' dir='ltr' id='par_1_3' title="bbox 200 744 1285 2336">
     <span class='ocr_line' id='line_1_3' title="bbox 291 744 1241 887; baseline -0.004 -74"><span class='ocrx_word' id='word_1_4' title='bbox 291 748 469 887; x_wconf 82' lang='lat' dir='ltr'>SCriptuto</span> <span class='ocrx_word' id='word_1_5' title='bbox 490 749 558 810; x_wconf 92' lang='lat' dir='ltr'>mihi</span> <span class='ocrx_word' id='word_1_6' title='bbox 581 752 618 811; x_wconf 90' lang='lat' dir='ltr'>de</span> <span class='ocrx_word' id='word_1_7' title='bbox 636 755 704 810; x_wconf 81' lang='lat' dir='ltr'>Arte</span> <span class='ocrx_word' id='word_1_8' title='bbox 728 749 836 823; x_wconf 71' lang='lat' dir='ltr'>poetica</span> <span class='ocrx_word' id='word_1_9' title='bbox 855 752 1013 824; x_wconf 73' lang='lat' dir='ltr'>precepta,</span> <span class='ocrx_word' id='word_1_10' title='bbox 1036 744 1109 807; x_wconf 88' lang='lat' dir='ltr'>illud</span> <span class='ocrx_word' id='word_1_11' title='bbox 1130 744 1160 806; x_wconf 90' lang='lat' dir='ltr'>in</span> <span class='ocrx_word' id='word_1_12' title='bbox 1181 744 1241 822; x_wconf 70' lang='lat' dir='ltr'>pri-¹,</span> 
     </span>
     <span class='ocr_line' id='line_1_4' title="bbox 349 825 1243 908; baseline 0 -20"><span class='ocrx_word' id='word_1_13' title='bbox 349 833 398 888; x_wconf 64' lang='lat' dir='ltr'>mu</span> <span class='ocrx_word' id='word_1_14' title='bbox 419 831 566 907; x_wconf 65' lang='lat' dir='ltr'>obiicitur,</span> <span class='ocrx_word' id='word_1_15' title='bbox 579 834 655 908; x_wconf 91' lang='lat' dir='ltr'>quod</span> <span class='ocrx_word' id='word_1_16' title='bbox 675 833 769 903; x_wconf 78' lang='lat' dir='ltr'>parlim</span> <span class='ocrx_word' id='word_1_17' title='bbox 787 832 824 890; x_wconf 84' lang='lat' dir='ltr'>ab</span> <span class='ocrx_word' id='word_1_18' title='bbox 841 825 970 887; x_wconf 75' lang='lat' dir='ltr'>omnibus</span> <span class='ocrx_word' id='word_1_19' title='bbox 986 828 1155 886; x_wconf 81' lang='lat' dir='ltr'>decantatur.</span> <span class='ocrx_word' id='word_1_20' title='bbox 1194 825 1243 888; x_wconf 59' lang='lat' dir='ltr'>lai-2</span> 
     </span>
     <span class='ocr_line' id='line_1_5' title="bbox 287 904 1237 987; baseline 0.001 -20"><span class='ocrx_word' id='word_1_21' title='bbox 287 909 370 967; x_wconf 87' lang='lat' dir='ltr'>beros</span> <span class='ocrx_word' id='word_1_22' title='bbox 398 912 451 971; x_wconf 82' lang='lat' dir='ltr'>esse</span> <span class='ocrx_word' id='word_1_23' title='bbox 480 931 573 987; x_wconf 76' lang='lat' dir='ltr'>poetas</span> <span class='ocrx_word' id='word_1_24' title='bbox 607 930 640 969; x_wconf 84' lang='lat' dir='ltr'>ac</span> <span class='ocrx_word' id='word_1_25' title='bbox 666 910 794 987; x_wconf 80' lang='lat' dir='ltr'>pisiores.</span> <span class='ocrx_word' id='word_1_26' title='bbox 836 911 988 982; x_wconf 76' lang='lat' dir='ltr'>Antiquom</span> <span class='ocrx_word' id='word_1_27' title='bbox 1018 904 1091 969; x_wconf 85' lang='lat' dir='ltr'>enim</span> <span class='ocrx_word' id='word_1_28' title='bbox 1116 924 1237 984; x_wconf 61' lang='lat' dir='ltr'>provere</span> 
     </span>
     <span class='ocr_line' id='line_1_6' title="bbox 287 985 1241 1070; baseline 0.003 -27"><span class='ocrx_word' id='word_1_29' title='bbox 287 986 366 1047; x_wconf 90' lang='lat' dir='ltr'>bium</span> <span class='ocrx_word' id='word_1_30' title='bbox 386 992 445 1051; x_wconf 81' lang='lat' dir='ltr'>etl:</span> <span class='ocrx_word' id='word_1_31' title='bbox 467 991 552 1048; x_wconf 72' lang='lat' dir='ltr'>Liberi</span> <span class='ocrx_word' id='word_1_32' title='bbox 570 995 663 1067; x_wconf 68' lang='lat' dir='ltr'>poete,</span> <span class='ocrx_word' id='word_1_33' title='bbox 682 987 717 1049; x_wconf 61' lang='grc' dir='ltr'><em>θ</em></span> <span class='ocrx_word' id='word_1_34' title='bbox 735 989 865 1070; x_wconf 68' lang='lat' dir='ltr'>pretores:</span> <span class='ocrx_word' id='word_1_35' title='bbox 888 1005 945 1060; x_wconf 89' lang='lat' dir='ltr'>quo</span> <span class='ocrx_word' id='word_1_36' title='bbox 964 985 1117 1062; x_wconf 86' lang='lat' dir='ltr'>proverbio</span> <span class='ocrx_word' id='word_1_37' title='bbox 1137 1003 1241 1046; x_wconf 78' lang='lat' dir='ltr'>mone-</span> 
     </span>
     <span class='ocr_line' id='line_1_7' title="bbox 287 1063 1242 1145; baseline 0 -21"><span class='ocrx_word' id='word_1_38' title='bbox 287 1084 350 1125; x_wconf 85' lang='lat' dir='ltr'>mur</span> <span class='ocrx_word' id='word_1_39' title='bbox 370 1069 405 1128; x_wconf 82' lang='lat' dir='ltr'>itt</span> <span class='ocrx_word' id='word_1_40' title='bbox 427 1070 530 1130; x_wconf 80' lang='lat' dir='ltr'>liberos</span> <span class='ocrx_word' id='word_1_41' title='bbox 551 1071 656 1130; x_wconf 81' lang='lat' dir='ltr'>debere</span> <span class='ocrx_word' id='word_1_42' title='bbox 675 1067 729 1129; x_wconf 81' lang='lat' dir='ltr'>else</span> <span class='ocrx_word' id='word_1_43' title='bbox 747 1069 861 1145; x_wconf 68' lang='lat' dir='ltr'>poitas,</span> <span class='ocrx_word' id='word_1_44' title='bbox 884 1082 915 1124; x_wconf 92' lang='lat' dir='ltr'>ut</span> <span class='ocrx_word' id='word_1_45' title='bbox 934 1064 1035 1134; x_wconf 74' lang='lat' dir='ltr'>nullis,</span> <span class='ocrx_word' id='word_1_46' title='bbox 1052 1080 1100 1125; x_wconf 75' lang='lat' dir='ltr'>eut</span> <span class='ocrx_word' id='word_1_47' title='bbox 1120 1084 1151 1125; x_wconf 90' lang='lat' dir='ltr'>re</span> <span class='ocrx_word' id='word_1_48' title='bbox 1172 1063 1242 1132; x_wconf 73' lang='lat' dir='ltr'>ulit,¹</span> 
     </span>
     <span class='ocr_line' id='line_1_8' title="bbox 287 1084 1241 1221; baseline -0.001 -16"><span class='ocrx_word' id='word_1_49' title='bbox 287 1162 334 1205; x_wconf 76' lang='lat' dir='ltr'>aut</span> <span class='ocrx_word' id='word_1_50' title='bbox 351 1148 492 1221; x_wconf 69' lang='lat' dir='ltr'>praecptis</span> <span class='ocrx_word' id='word_1_51' title='bbox 517 1146 707 1215; x_wconf 68' lang='lat' dir='ltr'>alirincantur.</span> <span class='ocrx_word' id='word_1_52' title='bbox 744 1142 872 1219; x_wconf 76' lang='lat' dir='ltr'>Quodsi</span> <span class='ocrx_word' id='word_1_53' title='bbox 896 1161 1060 1211; x_wconf 78' lang='lat' dir='ltr'>teneamus,</span> <span class='ocrx_word' id='word_1_54' title='bbox 1078 1161 1126 1204; x_wconf 86' lang='lat' dir='ltr'>aut</span> <span class='ocrx_word' id='word_1_55' title='bbox 1145 1084 1184 1213; x_wconf 57' lang='lat' dir='ltr'>lug,</span> <span class='ocrx_word' id='word_1_56' title='bbox 1208 1157 1241 1204; x_wconf 82' lang='lat' dir='ltr'>ut</span> 
     </span>
     <span class='ocr_line' id='line_1_9' title="bbox 200 1221 1240 1305; baseline 0 -21"><span class='ocrx_word' id='word_1_57' title='bbox 200 1278 203 1290; x_wconf 83' lang='lat'>.</span> <span class='ocrx_word' id='word_1_58' title='bbox 288 1228 377 1304; x_wconf 84' lang='lat' dir='ltr'>vulgo</span> <span class='ocrx_word' id='word_1_59' title='bbox 395 1227 559 1305; x_wconf 69' lang='lat' dir='ltr'>intelligent</span> <span class='ocrx_word' id='word_1_60' title='bbox 570 1264 580 1293; x_wconf 88' lang='lat'>,</span> <span class='ocrx_word' id='word_1_61' title='bbox 593 1226 797 1305; x_wconf 81' lang='lat' dir='ltr'>intelligamus:</span> <span class='ocrx_word' id='word_1_62' title='bbox 815 1223 884 1287; x_wconf 76' lang='lat' dir='ltr'>cassa</span> <span class='ocrx_word' id='word_1_63' title='bbox 896 1226 926 1285; x_wconf 74' lang='grc' dir='ltr'>ὅ(</span> <span class='ocrx_word' id='word_1_64' title='bbox 941 1226 1029 1285; x_wconf 85' lang='lat' dir='ltr'>inanis</span> <span class='ocrx_word' id='word_1_65' title='bbox 1036 1222 1128 1286; x_wconf 80' lang='lat' dir='ltr'>-fuerit</span> <span class='ocrx_word' id='word_1_66' title='bbox 1145 1221 1240 1285; x_wconf 76' lang='lat' dir='ltr'>nolim</span> 
     </span>
     <span class='ocr_line' id='line_1_10' title="bbox 287 1293 1242 1386; baseline -0.001 -20"><span class='ocrx_word' id='word_1_67' title='bbox 287 1321 393 1378; x_wconf 73' lang='lat' dir='ltr'>opera:</span> <span class='ocrx_word' id='word_1_68' title='bbox 426 1328 510 1380; x_wconf 89' lang='lat' dir='ltr'>quum</span> <span class='ocrx_word' id='word_1_69' title='bbox 542 1308 635 1365; x_wconf 64' lang='lat' dir='ltr'>Poetae</span> <span class='ocrx_word' id='word_1_70' title='bbox 658 1305 759 1383; x_wconf 80' lang='lat' dir='ltr'>regulis</span> <span class='ocrx_word' id='word_1_71' title='bbox 783 1310 814 1368; x_wconf 74' lang='grc' dir='ltr'>ὅ(</span> <span class='ocrx_word' id='word_1_72' title='bbox 838 1305 978 1382; x_wconf 78' lang='lat' dir='ltr'>praeceptis</span> <span class='ocrx_word' id='word_1_73' title='bbox 1007 1321 1142 1386; x_wconf 88' lang='lat' dir='ltr'>conemur</span> <span class='ocrx_word' id='word_1_74' title='bbox 1175 1293 1242 1365; x_wconf 69' lang='lat' dir='ltr'>alfi-v</span> 
     </span>
     <span class='ocr_line' id='line_1_11' title="bbox 209 1378 1241 1464; baseline 0 -20"><span class='ocrx_word' id='word_1_75' title='bbox 209 1383 212 1393; x_wconf 91' lang='lat'>&#39;</span> <span class='ocrx_word' id='word_1_76' title='bbox 288 1400 372 1461; x_wconf 80' lang='lat' dir='ltr'>gare:</span> <span class='ocrx_word' id='word_1_77' title='bbox 397 1388 490 1457; x_wconf 85' lang='lat' dir='ltr'>Quam</span> <span class='ocrx_word' id='word_1_78' title='bbox 512 1385 594 1464; x_wconf 86' lang='lat' dir='ltr'>igitur</span> <span class='ocrx_word' id='word_1_79' title='bbox 611 1385 668 1443; x_wconf 81' lang='lat' dir='ltr'>rim</span> <span class='ocrx_word' id='word_1_80' title='bbox 689 1387 792 1447; x_wconf 79' lang='lat' dir='ltr'>habeat</span> <span class='ocrx_word' id='word_1_81' title='bbox 812 1383 1013 1461; x_wconf 81' lang='lat' dir='ltr'>proverbium,</span> <span class='ocrx_word' id='word_1_82' title='bbox 1032 1398 1190 1462; x_wconf 86' lang='lat' dir='ltr'>quantaque</span> <span class='ocrx_word' id='word_1_83' title='bbox 1207 1378 1241 1443; x_wconf 74' lang='lat' dir='ltr'>fil</span> 
     </span>
     <span class='ocr_line' id='line_1_12' title="bbox 288 1460 1276 1537; baseline 0.001 -15"><span class='ocrx_word' id='word_1_84' title='bbox 288 1461 351 1523; x_wconf 76' lang='lat' dir='ltr'>artis</span> <span class='ocrx_word' id='word_1_85' title='bbox 375 1464 417 1523; x_wconf 85' lang='lat' dir='ltr'>vis</span> <span class='ocrx_word' id='word_1_86' title='bbox 443 1484 524 1535; x_wconf 77' lang='lat' dir='ltr'>atque</span> <span class='ocrx_word' id='word_1_87' title='bbox 551 1465 706 1529; x_wconf 83' lang='lat' dir='ltr'>nectffitas,</span> <span class='ocrx_word' id='word_1_88' title='bbox 724 1464 809 1525; x_wconf 85' lang='lat' dir='ltr'>nollri</span> <span class='ocrx_word' id='word_1_89' title='bbox 830 1463 951 1522; x_wconf 82' lang='lat' dir='ltr'>muneris</span> <span class='ocrx_word' id='word_1_90' title='bbox 972 1460 1012 1525; x_wconf 84' lang='lat' dir='ltr'>est</span> <span class='ocrx_word' id='word_1_91' title='bbox 1036 1465 1168 1537; x_wconf 80' lang='lat' dir='ltr'>aperire.-</span> <span class='ocrx_word' id='word_1_92' title='bbox 1189 1460 1240 1523; x_wconf 80' lang='lat' dir='ltr'>sed</span> <span class='ocrx_word' id='word_1_93' title='bbox 1273 1531 1276 1534; x_wconf 11' lang='lat' dir='ltr'><em>A</em></span> 
     </span>
     <span class='ocr_line' id='line_1_13' title="bbox 290 1539 1239 1617; baseline 0.004 -18"><span class='ocrx_word' id='word_1_94' title='bbox 290 1543 363 1617; x_wconf 83' lang='lat' dir='ltr'>prius</span> <span class='ocrx_word' id='word_1_95' title='bbox 383 1543 416 1603; x_wconf 83' lang='lat' dir='ltr'>fic</span> <span class='ocrx_word' id='word_1_96' title='bbox 436 1544 573 1611; x_wconf 85' lang='lat' dir='ltr'>ollendo,</span> <span class='ocrx_word' id='word_1_97' title='bbox 595 1565 651 1604; x_wconf 88' lang='lat' dir='ltr'>non</span> <span class='ocrx_word' id='word_1_98' title='bbox 671 1544 725 1606; x_wconf 77' lang='lat' dir='ltr'>else</span> <span class='ocrx_word' id='word_1_99' title='bbox 745 1545 848 1606; x_wconf 82' lang='lat' dir='ltr'>liberos</span> <span class='ocrx_word' id='word_1_100' title='bbox 875 1559 979 1617; x_wconf 80' lang='lat' dir='ltr'>poetas.</span> <span class='ocrx_word' id='word_1_101' title='bbox 1012 1544 1133 1604; x_wconf 72' lang='lat' dir='ltr'>Pistoret</span> <span class='ocrx_word' id='word_1_102' title='bbox 1154 1539 1239 1603; x_wconf 79' lang='lat' dir='ltr'>liberi</span> 
     </span>
     <span class='ocr_line' id='line_1_14' title="bbox 286 1620 1285 1703; baseline 0.009 -27"><span class='ocrx_word' id='word_1_103' title='bbox 286 1639 344 1678; x_wconf 88' lang='lat' dir='ltr'>non</span> <span class='ocrx_word' id='word_1_104' title='bbox 361 1625 441 1690; x_wconf 89' lang='lat' dir='ltr'>sunt,</span> <span class='ocrx_word' id='word_1_105' title='bbox 461 1644 529 1703; x_wconf 82' lang='lat' dir='ltr'>ergo</span> <span class='ocrx_word' id='word_1_106' title='bbox 549 1644 601 1684; x_wconf 90' lang='lat' dir='ltr'>nec</span> <span class='ocrx_word' id='word_1_107' title='bbox 623 1642 711 1701; x_wconf 79' lang='lat' dir='ltr'>poetae</span> <span class='ocrx_word' id='word_1_108' title='bbox 732 1623 814 1687; x_wconf 79' lang='lat' dir='ltr'>liberi</span> <span class='ocrx_word' id='word_1_109' title='bbox 832 1640 919 1683; x_wconf 67' lang='lat' dir='ltr'>erunt,</span> <span class='ocrx_word' id='word_1_110' title='bbox 938 1624 1017 1683; x_wconf 84' lang='lat' dir='ltr'>Nam</span> <span class='ocrx_word' id='word_1_111' title='bbox 1035 1623 1054 1681; x_wconf 92' lang='lat' dir='ltr'>si</span> <span class='ocrx_word' id='word_1_112' title='bbox 1073 1620 1166 1699; x_wconf 66' lang='lat' dir='ltr'>pistor</span> <span class='ocrx_word' id='word_1_113' title='bbox 1184 1620 1242 1685; x_wconf 67' lang='lat' dir='ltr'>fore</span> <span class='ocrx_word' id='word_1_114' title='bbox 1278 1630 1285 1642; x_wconf 84' lang='grc'><em>“</em></span> 
     </span>
     <span class='ocr_line' id='line_1_15' title="bbox 285 1700 1240 1784; baseline 0.003 -25"><span class='ocrx_word' id='word_1_115' title='bbox 285 1701 391 1761; x_wconf 83' lang='lat' dir='ltr'>mosam</span> <span class='ocrx_word' id='word_1_116' title='bbox 418 1704 565 1765; x_wconf 87' lang='lat' dir='ltr'>mulierem</span> <span class='ocrx_word' id='word_1_117' title='bbox 592 1706 755 1784; x_wconf 80' lang='lat' dir='ltr'>depingat,</span> <span class='ocrx_word' id='word_1_118' title='bbox 779 1706 812 1765; x_wconf 70' lang='grc' dir='ltr'>ὅ(</span> <span class='ocrx_word' id='word_1_119' title='bbox 839 1702 962 1762; x_wconf 76' lang='lat' dir='ltr'>humano</span> <span class='ocrx_word' id='word_1_120' title='bbox 989 1701 1069 1779; x_wconf 90' lang='lat' dir='ltr'>capiti</span> <span class='ocrx_word' id='word_1_121' title='bbox 1094 1700 1240 1762; x_wconf 79' lang='lat' dir='ltr'>cervicem</span> 
     </span>
     <span class='ocr_line' id='line_1_16' title="bbox 284 1780 1240 1864; baseline 0.001 -25"><span class='ocrx_word' id='word_1_122' title='bbox 284 1780 415 1856; x_wconf 85' lang='lat' dir='ltr'>equinam</span> <span class='ocrx_word' id='word_1_123' title='bbox 437 1787 548 1864; x_wconf 86' lang='lat' dir='ltr'>jungat,</span> <span class='ocrx_word' id='word_1_124' title='bbox 577 1785 609 1843; x_wconf 90' lang='lat'>&amp;</span> <span class='ocrx_word' id='word_1_125' title='bbox 632 1789 756 1861; x_wconf 86' lang='lat' dir='ltr'>undique</span> <span class='ocrx_word' id='word_1_126' title='bbox 777 1784 884 1845; x_wconf 70' lang='lat' dir='ltr'>collatis</span> <span class='ocrx_word' id='word_1_127' title='bbox 907 1785 1038 1842; x_wconf 79' lang='lat' dir='ltr'>membris</span> <span class='ocrx_word' id='word_1_128' title='bbox 1068 1781 1156 1841; x_wconf 79' lang='lat' dir='ltr'>variat</span> <span class='ocrx_word' id='word_1_129' title='bbox 1175 1780 1240 1856; x_wconf 85' lang='lat' dir='ltr'>plu-</span> 
     </span>
     <span class='ocr_line' id='line_1_17' title="bbox 284 1860 1240 1939; baseline 0 -20"><span class='ocrx_word' id='word_1_130' title='bbox 284 1878 344 1920; x_wconf 82' lang='lat' dir='ltr'>mas</span> <span class='ocrx_word' id='word_1_131' title='bbox 364 1862 494 1929; x_wconf 73' lang='lat' dir='ltr'>inducat,</span> <span class='ocrx_word' id='word_1_132' title='bbox 516 1863 555 1922; x_wconf 89' lang='lat' dir='ltr'>ira</span> <span class='ocrx_word' id='word_1_133' title='bbox 572 1878 603 1921; x_wconf 88' lang='lat' dir='ltr'>ut</span> <span class='ocrx_word' id='word_1_134' title='bbox 627 1863 655 1922; x_wconf 88' lang='lat' dir='ltr'>in</span> <span class='ocrx_word' id='word_1_135' title='bbox 677 1880 786 1939; x_wconf 79' lang='lat' dir='ltr'>turpem</span> <span class='ocrx_word' id='word_1_136' title='bbox 804 1860 905 1937; x_wconf 82' lang='lat' dir='ltr'>piscem</span> <span class='ocrx_word' id='word_1_137' title='bbox 925 1863 1031 1924; x_wconf 84' lang='lat' dir='ltr'>definar</span> <span class='ocrx_word' id='word_1_138' title='bbox 1050 1860 1152 1922; x_wconf 88' lang='lat' dir='ltr'>mulier</span> <span class='ocrx_word' id='word_1_139' title='bbox 1177 1861 1240 1921; x_wconf 87' lang='lat' dir='ltr'>for·</span> 
     </span>
     <span class='ocr_line' id='line_1_18' title="bbox 283 1937 1240 2020; baseline 0.007 -24"><span class='ocrx_word' id='word_1_140' title='bbox 283 1944 416 2009; x_wconf 68' lang='lat' dir='ltr'>molter</span> <span class='ocrx_word' id='word_1_141' title='bbox 432 1961 510 2016; x_wconf 88' lang='lat' dir='ltr'>parte</span> <span class='ocrx_word' id='word_1_142' title='bbox 529 1942 681 2016; x_wconf 88' lang='lat' dir='ltr'>superiori:</span> <span class='ocrx_word' id='word_1_143' title='bbox 701 1960 795 2001; x_wconf 89' lang='lat' dir='ltr'>nonne</span> <span class='ocrx_word' id='word_1_144' title='bbox 814 1939 960 2008; x_wconf 75' lang='lat' dir='ltr'>ridebitis,</span> <span class='ocrx_word' id='word_1_145' title='bbox 980 1963 999 2003; x_wconf 93' lang='lat' dir='ltr'>o</span> <span class='ocrx_word' id='word_1_146' title='bbox 1019 1939 1115 2020; x_wconf 84' lang='lat' dir='ltr'>magni</span> <span class='ocrx_word' id='word_1_147' title='bbox 1133 1937 1240 2003; x_wconf 62' lang='lat' dir='ltr'>amicit</span> 
     </span>
     <span class='ocr_line' id='line_1_19' title="bbox 283 2016 1241 2096; baseline 0 -18"><span class='ocrx_word' id='word_1_148' title='bbox 283 2019 397 2083; x_wconf 87' lang='lat' dir='ltr'>Eodem</span> <span class='ocrx_word' id='word_1_149' title='bbox 419 2024 525 2096; x_wconf 87' lang='lat' dir='ltr'>prorsus</span> <span class='ocrx_word' id='word_1_150' title='bbox 547 2023 635 2081; x_wconf 91' lang='lat' dir='ltr'>modo</span> <span class='ocrx_word' id='word_1_151' title='bbox 655 2021 806 2088; x_wconf 83' lang='lat' dir='ltr'>ridendus,</span> <span class='ocrx_word' id='word_1_152' title='bbox 827 2023 858 2080; x_wconf 72' lang='grc' dir='ltr'>ὅ(</span> <span class='ocrx_word' id='word_1_153' title='bbox 885 2020 1068 2081; x_wconf 80' lang='lat' dir='ltr'>exfiblandus</span> <span class='ocrx_word' id='word_1_154' title='bbox 1088 2016 1130 2080; x_wconf 84' lang='lat' dir='ltr'>est</span> <span class='ocrx_word' id='word_1_155' title='bbox 1145 2018 1241 2088; x_wconf 69' lang='lat' dir='ltr'>liber,</span> 
     </span>
     <span class='ocr_line' id='line_1_20' title="bbox 283 2099 1242 2179; baseline 0.002 -21"><span class='ocrx_word' id='word_1_156' title='bbox 283 2100 317 2158; x_wconf 86' lang='lat'>&amp;</span> <span class='ocrx_word' id='word_1_157' title='bbox 339 2105 457 2177; x_wconf 83' lang='lat' dir='ltr'>po&#39;e‘ma,</span> <span class='ocrx_word' id='word_1_158' title='bbox 474 2104 549 2177; x_wconf 78' lang='lat' dir='ltr'>cuius</span> <span class='ocrx_word' id='word_1_159' title='bbox 572 2101 669 2160; x_wconf 84' lang='lat' dir='ltr'>sormae</span> <span class='ocrx_word' id='word_1_160' title='bbox 691 2121 790 2166; x_wconf 84' lang='lat' dir='ltr'>vanae,</span> <span class='ocrx_word' id='word_1_161' title='bbox 810 2101 842 2159; x_wconf 87' lang='lat'>&amp;</span> <span class='ocrx_word' id='word_1_162' title='bbox 869 2099 962 2164; x_wconf 81' lang='lat' dir='ltr'>inanes</span> <span class='ocrx_word' id='word_1_163' title='bbox 989 2099 1152 2179; x_wconf 84' lang='lat' dir='ltr'>finguntur,</span> <span class='ocrx_word' id='word_1_164' title='bbox 1171 2119 1242 2176; x_wconf 74' lang='lat' dir='ltr'>que·</span> 
     </span>
     <span class='ocr_line' id='line_1_21' title="bbox 282 2175 1239 2259; baseline 0.001 -23"><span class='ocrx_word' id='word_1_165' title='bbox 282 2176 323 2237; x_wconf 82' lang='lat' dir='ltr'>les</span> <span class='ocrx_word' id='word_1_166' title='bbox 341 2181 437 2259; x_wconf 84' lang='lat' dir='ltr'>aegroti</span> <span class='ocrx_word' id='word_1_167' title='bbox 456 2179 709 2241; x_wconf 70' lang='lat' dir='ltr'>somniare&#39;stlent.</span> <span class='ocrx_word' id='word_1_168' title='bbox 732 2181 827 2251; x_wconf 88' lang='lat' dir='ltr'>Quum</span> <span class='ocrx_word' id='word_1_169' title='bbox 846 2200 899 2240; x_wconf 89' lang='lat' dir='ltr'>nec</span> <span class='ocrx_word' id='word_1_170' title='bbox 922 2201 988 2254; x_wconf 79' lang='lat' dir='ltr'>pes,</span> <span class='ocrx_word' id='word_1_171' title='bbox 1014 2201 1068 2242; x_wconf 89' lang='lat' dir='ltr'>nec</span> <span class='ocrx_word' id='word_1_172' title='bbox 1088 2193 1171 2255; x_wconf 84' lang='lat' dir='ltr'>caput</span> <span class='ocrx_word' id='word_1_173' title='bbox 1189 2175 1239 2238; x_wconf 87' lang='lat' dir='ltr'>uni</span> 
     </span>
     <span class='ocr_line' id='line_1_22' title="bbox 282 2254 1239 2336; baseline 0.007 -22"><span class='ocrx_word' id='word_1_174' title='bbox 282 2254 380 2321; x_wconf 78' lang='lat' dir='ltr'>forme</span> <span class='ocrx_word' id='word_1_175' title='bbox 402 2260 570 2324; x_wconf 89' lang='lat' dir='ltr'>reddantur,</span> <span class='ocrx_word' id='word_1_176' title='bbox 589 2256 650 2320; x_wconf 91' lang='lat' dir='ltr'>imo</span> <span class='ocrx_word' id='word_1_177' title='bbox 672 2279 742 2319; x_wconf 86' lang='lat' dir='ltr'>vero</span> <span class='ocrx_word' id='word_1_178' title='bbox 763 2258 844 2319; x_wconf 83' lang='lat' dir='ltr'>nullae</span> <span class='ocrx_word' id='word_1_179' title='bbox 863 2259 924 2320; x_wconf 84' lang='lat' dir='ltr'>aliis</span> <span class='ocrx_word' id='word_1_180' title='bbox 947 2259 1068 2336; x_wconf 79' lang='lat' dir='ltr'>partibus</span> <span class='ocrx_word' id='word_1_181' title='bbox 1090 2259 1239 2335; x_wconf 79' lang='lat' dir='ltr'>quadrent.¹</span> 
     </span>
    </p>
   </div>
   <div class='ocr_carea' id='block_1_4' title="bbox 157 2335 1240 2417">
    <p class='ocr_par' dir='ltr' id='par_1_4' title="bbox 157 2335 1240 2417">
     <span class='ocr_line' id='line_1_23' title="bbox 157 2335 1240 2417; baseline 0.003 -22"><span class='ocrx_word' id='word_1_182' title='bbox 157 2336 166 2343; x_wconf 64' lang='grc'><strong>“</strong></span> <span class='ocrx_word' id='word_1_183' title='bbox 284 2338 380 2406; x_wconf 87' lang='lat' dir='ltr'>Quum</span> <span class='ocrx_word' id='word_1_184' title='bbox 401 2355 495 2399; x_wconf 85' lang='lat' dir='ltr'>autem</span> <span class='ocrx_word' id='word_1_185' title='bbox 513 2335 612 2414; x_wconf 70' lang='lat' dir='ltr'>‘objicis</span> <span class='ocrx_word' id='word_1_186' title='bbox 632 2337 812 2412; x_wconf 72' lang='lat' dir='ltr'>pistoribus,</span> <span class='ocrx_word' id='word_1_187' title='bbox 838 2340 871 2399; x_wconf 74' lang='grc' dir='ltr'>δ(</span> <span class='ocrx_word' id='word_1_188' title='bbox 896 2340 984 2413; x_wconf 79' lang='lat' dir='ltr'>poetis</span> <span class='ocrx_word' id='word_1_189' title='bbox 1015 2340 1152 2417; x_wconf 70' lang='lat' dir='ltr'>aequalem</span> <span class='ocrx_word' id='word_1_190' title='bbox 1181 2337 1240 2398; x_wconf 80' lang='lat' dir='ltr'>liu·¹</span> 
     </span>
    </p>
   </div>
   <div class='ocr_carea' id='block_1_5' title="bbox 183 2416 1244 4150">
    <p class='ocr_par' dir='ltr' id='par_1_5' title="bbox 183 2416 1244 4150">
     <span class='ocr_line' id='line_1_24' title="bbox 240 2416 1239 2500; baseline 0.004 -24"><span class='ocrx_word' id='word_1_191' title='bbox 240 2484 245 2491; x_wconf 70' lang='lat'>,</span> <span class='ocrx_word' id='word_1_192' title='bbox 280 2417 366 2492; x_wconf 79' lang='lat' dir='ltr'>gendi</span> <span class='ocrx_word' id='word_1_193' title='bbox 378 2416 550 2496; x_wconf 85' lang='lat' dir='ltr'>potestatem</span> <span class='ocrx_word' id='word_1_194' title='bbox 578 2419 717 2479; x_wconf 85' lang='lat' dir='ltr'>concedi:</span> <span class='ocrx_word' id='word_1_195' title='bbox 748 2439 806 2479; x_wconf 88' lang='lat' dir='ltr'>non</span> <span class='ocrx_word' id='word_1_196' title='bbox 832 2416 869 2477; x_wconf 84' lang='lat' dir='ltr'>fic</span> <span class='ocrx_word' id='word_1_197' title='bbox 886 2417 927 2479; x_wconf 92' lang='lat' dir='ltr'>est</span> <span class='ocrx_word' id='word_1_198' title='bbox 947 2418 1188 2500; x_wconf 84' lang='lat' dir='ltr'>intelligendum,</span> <span class='ocrx_word' id='word_1_199' title='bbox 1207 2434 1239 2481; x_wconf 89' lang='lat' dir='ltr'>ut</span> 
     </span>
     <span class='ocr_line' id='line_1_25' title="bbox 280 2493 1239 2575; baseline 0.007 -23"><span class='ocrx_word' id='word_1_200' title='bbox 280 2493 336 2555; x_wconf 87' lang='lat' dir='ltr'>sine</span> <span class='ocrx_word' id='word_1_201' title='bbox 360 2497 478 2564; x_wconf 78' lang='lat' dir='ltr'>ordine,</span> <span class='ocrx_word' id='word_1_202' title='bbox 496 2512 578 2574; x_wconf 92' lang='lat' dir='ltr'>atque</span> <span class='ocrx_word' id='word_1_203' title='bbox 596 2500 703 2564; x_wconf 90' lang='lat' dir='ltr'>modo,</span> <span class='ocrx_word' id='word_1_204' title='bbox 727 2516 903 2575; x_wconf 68' lang='lat' dir='ltr'>quecunque·</span> <span class='ocrx_word' id='word_1_205' title='bbox 918 2500 1031 2560; x_wconf 81' lang='lat' dir='ltr'>libuerit</span> <span class='ocrx_word' id='word_1_206' title='bbox 1054 2497 1116 2566; x_wconf 79' lang='lat' dir='ltr'>effiu¹</span> <span class='ocrx_word' id='word_1_207' title='bbox 1140 2511 1239 2569; x_wconf 75' lang='lat' dir='ltr'>amur,</span> 
     </span>
     <span class='ocr_line' id='line_1_26' title="bbox 279 2517 1237 2657; baseline 0.004 -24"><span class='ocrx_word' id='word_1_208' title='bbox 279 2572 429 2640; x_wconf 83' lang='lat' dir='ltr'>imovero</span> <span class='ocrx_word' id='word_1_209' title='bbox 456 2597 511 2657; x_wconf 83' lang='lat' dir='ltr'>ego</span> <span class='ocrx_word' id='word_1_210' title='bbox 541 2576 660 2637; x_wconf 81' lang='lat' dir='ltr'>libenter</span> <span class='ocrx_word' id='word_1_211' title='bbox 680 2578 745 2637; x_wconf 90' lang='lat' dir='ltr'>huic</span> <span class='ocrx_word' id='word_1_212' title='bbox 776 2583 883 2639; x_wconf 89' lang='lat' dir='ltr'>accedo</span> <span class='ocrx_word' id='word_1_213' title='bbox 906 2577 1088 2652; x_wconf 83' lang='lat' dir='ltr'>proverbio,</span> <span class='ocrx_word' id='word_1_214' title='bbox 1113 2517 1146 2637; x_wconf 61' lang='grc' dir='ltr'>ἔ(</span> <span class='ocrx_word' id='word_1_215' title='bbox 1174 2576 1237 2638; x_wconf 73' lang='lat' dir='ltr'>aliis</span> 
     </span>
     <span class='ocr_line' id='line_1_27' title="bbox 279 2652 1239 2735; baseline 0.005 -20"><span class='ocrx_word' id='word_1_216' title='bbox 279 2654 362 2717; x_wconf 83' lang='lat' dir='ltr'>etiam</span> <span class='ocrx_word' id='word_1_217' title='bbox 381 2658 488 2735; x_wconf 80' lang='lat' dir='ltr'>po&#39;e&#39;tis,</span> <span class='ocrx_word' id='word_1_218' title='bbox 506 2671 535 2717; x_wconf 88' lang='lat' dir='ltr'>ut</span> <span class='ocrx_word' id='word_1_219' title='bbox 555 2657 643 2716; x_wconf 80' lang='lat' dir='ltr'>multa</span> <span class='ocrx_word' id='word_1_220' title='bbox 661 2655 811 2735; x_wconf 85' lang='lat' dir='ltr'>effingam,</span> <span class='ocrx_word' id='word_1_221' title='bbox 825 2659 952 2719; x_wconf 91' lang='lat' dir='ltr'>concedo</span> <span class='ocrx_word' id='word_1_222' title='bbox 968 2652 1149 2718; x_wconf 71' lang='lat' dir='ltr'>libentiffime.</span> <span class='ocrx_word' id='word_1_223' title='bbox 1177 2657 1239 2720; x_wconf 81' lang='lat' dir='ltr'>Sed</span> 
     </span>
     <span class='ocr_line' id='line_1_28' title="bbox 278 2732 1239 2811; baseline 0.004 -17"><span class='ocrx_word' id='word_1_224' title='bbox 278 2732 318 2795; x_wconf 84' lang='lat' dir='ltr'>ira</span> <span class='ocrx_word' id='word_1_225' title='bbox 337 2752 449 2804; x_wconf 80' lang='lat' dir='ltr'>tamen,</span> <span class='ocrx_word' id='word_1_226' title='bbox 474 2755 503 2796; x_wconf 89' lang='lat' dir='ltr'>ut</span> <span class='ocrx_word' id='word_1_227' title='bbox 523 2737 570 2796; x_wconf 91' lang='lat' dir='ltr'>uni</span> <span class='ocrx_word' id='word_1_228' title='bbox 594 2736 705 2811; x_wconf 81' lang='lat' dir='ltr'>corpori</span> <span class='ocrx_word' id='word_1_229' title='bbox 723 2738 894 2798; x_wconf 86' lang='lat' dir='ltr'>conveniant</span> <span class='ocrx_word' id='word_1_230' title='bbox 918 2739 1065 2805; x_wconf 90' lang='lat' dir='ltr'>membra,</span> <span class='ocrx_word' id='word_1_231' title='bbox 1087 2756 1141 2797; x_wconf 89' lang='lat' dir='ltr'>nec</span> <span class='ocrx_word' id='word_1_232' title='bbox 1159 2737 1239 2798; x_wconf 86' lang='lat' dir='ltr'>enim</span> 
     </span>
     <span class='ocr_line' id='line_1_29' title="bbox 278 2813 1240 2896; baseline 0.004 -23"><span class='ocrx_word' id='word_1_233' title='bbox 278 2813 375 2874; x_wconf 80' lang='lat' dir='ltr'>eribus</span> <span class='ocrx_word' id='word_1_234' title='bbox 396 2818 522 2876; x_wconf 79' lang='lat' dir='ltr'>membru</span> <span class='ocrx_word' id='word_1_235' title='bbox 545 2816 638 2892; x_wconf 83' lang='lat' dir='ltr'>aliqua</span> <span class='ocrx_word' id='word_1_236' title='bbox 666 2815 833 2894; x_wconf 85' lang='lat' dir='ltr'>serpentium</span> <span class='ocrx_word' id='word_1_237' title='bbox 850 2819 1020 2896; x_wconf 80' lang='lat' dir='ltr'>adjungam,</span> <span class='ocrx_word' id='word_1_238' title='bbox 1037 2832 1085 2878; x_wconf 87' lang='lat' dir='ltr'>aut</span> <span class='ocrx_word' id='word_1_239' title='bbox 1101 2815 1240 2896; x_wconf 73' lang='lat' dir='ltr'>tigribuu,¹</span> 
     </span>
     <span class='ocr_line' id='line_1_30' title="bbox 278 2893 1239 2976; baseline 0.002 -23"><span class='ocrx_word' id='word_1_240' title='bbox 278 2893 313 2953; x_wconf 77' lang='grc' dir='ltr'>ὅ(</span> <span class='ocrx_word' id='word_1_241' title='bbox 325 2894 403 2974; x_wconf 78' lang='lat' dir='ltr'>agnis</span> <span class='ocrx_word' id='word_1_242' title='bbox 419 2895 496 2956; x_wconf 85' lang='lat' dir='ltr'>idem</span> <span class='ocrx_word' id='word_1_243' title='bbox 513 2894 687 2957; x_wconf 84' lang='lat' dir='ltr'>domicilium</span> <span class='ocrx_word' id='word_1_244' title='bbox 706 2895 854 2976; x_wconf 85' lang='lat' dir='ltr'>affignabo.</span> <span class='ocrx_word' id='word_1_245' title='bbox 888 2895 1005 2958; x_wconf 79' lang='lat' dir='ltr'>Accedit</span> <span class='ocrx_word' id='word_1_246' title='bbox 1028 2894 1127 2972; x_wconf 77' lang='lat' dir='ltr'>aliquit</span> <span class='ocrx_word' id='word_1_247' title='bbox 1146 2893 1239 2972; x_wconf 61' lang='lat' dir='ltr'>(vera</span> 
     </span>
     <span class='ocr_line' id='line_1_31' title="bbox 278 2970 1240 3054; baseline 0.004 -23"><span class='ocrx_word' id='word_1_248' title='bbox 278 2971 310 3031; x_wconf 92' lang='lat' dir='ltr'>bi</span> <span class='ocrx_word' id='word_1_249' title='bbox 331 2972 445 3054; x_wconf 85' lang='lat' dir='ltr'>gratia)</span> <span class='ocrx_word' id='word_1_250' title='bbox 470 2974 589 3051; x_wconf 88' lang='lat' dir='ltr'>peritum</span> <span class='ocrx_word' id='word_1_251' title='bbox 610 2977 647 3035; x_wconf 79' lang='lat' dir='ltr'>ad</span> <span class='ocrx_word' id='word_1_252' title='bbox 675 2975 833 3049; x_wconf 71' lang='lat' dir='ltr'>pictorem,</span> <span class='ocrx_word' id='word_1_253' title='bbox 855 2990 886 3036; x_wconf 88' lang='lat' dir='ltr'>ut</span> <span class='ocrx_word' id='word_1_254' title='bbox 909 2980 1053 3039; x_wconf 81' lang='lat' dir='ltr'>Venerem</span> <span class='ocrx_word' id='word_1_255' title='bbox 1079 2970 1240 3035; x_wconf 63' lang='lat' dir='ltr'>sormofiffi÷</span> 
     </span>
     <span class='ocr_line' id='line_1_32' title="bbox 278 3051 1237 3132; baseline 0.005 -23"><span class='ocrx_word' id='word_1_256' title='bbox 278 3069 354 3117; x_wconf 83' lang='lat' dir='ltr'>mam</span> <span class='ocrx_word' id='word_1_257' title='bbox 383 3054 535 3131; x_wconf 83' lang='lat' dir='ltr'>depingat,</span> <span class='ocrx_word' id='word_1_258' title='bbox 559 3051 727 3128; x_wconf 79' lang='lat' dir='ltr'>postulans,</span> <span class='ocrx_word' id='word_1_259' title='bbox 752 3055 891 3132; x_wconf 83' lang='lat' dir='ltr'>Nunquid</span> <span class='ocrx_word' id='word_1_260' title='bbox 920 3055 1011 3131; x_wconf 71' lang='lat' dir='ltr'>pisior</span> <span class='ocrx_word' id='word_1_261' title='bbox 1039 3053 1090 3114; x_wconf 81' lang='lat' dir='ltr'>ille</span> <span class='ocrx_word' id='word_1_262' title='bbox 1116 3053 1164 3113; x_wconf 76' lang='lat' dir='ltr'>sua</span> <span class='ocrx_word' id='word_1_263' title='bbox 1185 3051 1237 3118; x_wconf 82' lang='lat' dir='ltr'>illa</span> 
     </span>
     <span class='ocr_line' id='line_1_33' title="bbox 278 3131 1239 3214; baseline 0.007 -26"><span class='ocrx_word' id='word_1_264' title='bbox 278 3146 371 3192; x_wconf 89' lang='lat' dir='ltr'>utetur</span> <span class='ocrx_word' id='word_1_265' title='bbox 392 3131 538 3199; x_wconf 89' lang='lat' dir='ltr'>libertate,</span> <span class='ocrx_word' id='word_1_266' title='bbox 553 3136 583 3194; x_wconf 88' lang='lat'>&amp;</span> <span class='ocrx_word' id='word_1_267' title='bbox 606 3137 749 3196; x_wconf 85' lang='lat' dir='ltr'>Venerem</span> <span class='ocrx_word' id='word_1_268' title='bbox 774 3134 954 3195; x_wconf 90' lang='lat' dir='ltr'>monoculam</span> <span class='ocrx_word' id='word_1_269' title='bbox 979 3132 1108 3214; x_wconf 81' lang='lat' dir='ltr'>effinget,</span> <span class='ocrx_word' id='word_1_270' title='bbox 1131 3133 1239 3195; x_wconf 83' lang='lat' dir='ltr'>barba·</span> 
     </span>
     <span class='ocr_line' id='line_1_34' title="bbox 219 3209 1239 3290; baseline 0.005 -22"><span class='ocrx_word' id='word_1_271' title='bbox 219 3234 231 3247; x_wconf 60' lang='lat'><em>2</em></span> <span class='ocrx_word' id='word_1_272' title='bbox 263 3224 357 3280; x_wconf 76' lang='lat' dir='ltr'>tam,</span> <span class='ocrx_word' id='word_1_273' title='bbox 376 3211 604 3290; x_wconf 66' lang='lat' dir='ltr'>obequitantem,</span> <span class='ocrx_word' id='word_1_274' title='bbox 628 3217 658 3275; x_wconf 86' lang='lat'>&amp;</span> <span class='ocrx_word' id='word_1_275' title='bbox 681 3214 807 3274; x_wconf 76' lang='lat' dir='ltr'>manibus</span> <span class='ocrx_word' id='word_1_276' title='bbox 829 3211 935 3274; x_wconf 85' lang='lat' dir='ltr'>hastam</span> <span class='ocrx_word' id='word_1_277' title='bbox 954 3209 1116 3274; x_wconf 78' lang='lat' dir='ltr'>tenentem?</span> <span class='ocrx_word' id='word_1_278' title='bbox 1145 3213 1239 3273; x_wconf 80' lang='lat' dir='ltr'>Mini-¹</span> 
     </span>
     <span class='ocr_line' id='line_1_35' title="bbox 279 3289 1238 3370; baseline 0.003 -22"><span class='ocrx_word' id='word_1_279' title='bbox 279 3307 349 3358; x_wconf 88' lang='lat' dir='ltr'>me,</span> <span class='ocrx_word' id='word_1_280' title='bbox 367 3289 476 3369; x_wconf 86' lang='lat' dir='ltr'>inquis,</span> <span class='ocrx_word' id='word_1_281' title='bbox 492 3293 551 3353; x_wconf 83' lang='lat' dir='ltr'>imo</span> <span class='ocrx_word' id='word_1_282' title='bbox 576 3312 646 3353; x_wconf 88' lang='lat' dir='ltr'>vero</span> <span class='ocrx_word' id='word_1_283' title='bbox 675 3295 780 3357; x_wconf 81' lang='lat' dir='ltr'>Veneri</span> <span class='ocrx_word' id='word_1_284' title='bbox 802 3294 902 3354; x_wconf 84' lang='lat' dir='ltr'>reddet</span> <span class='ocrx_word' id='word_1_285' title='bbox 921 3314 984 3355; x_wconf 88' lang='lat' dir='ltr'>eam</span> <span class='ocrx_word' id='word_1_286' title='bbox 1010 3292 1151 3362; x_wconf 84' lang='lat' dir='ltr'>sormam,</span> <span class='ocrx_word' id='word_1_287' title='bbox 1173 3313 1238 3370; x_wconf 66' lang='lat' dir='ltr'>qua</span> 
     </span>
     <span class='ocr_line' id='line_1_36' title="bbox 279 3370 1237 3452; baseline 0.006 -24"><span class='ocrx_word' id='word_1_288' title='bbox 279 3370 403 3432; x_wconf 80' lang='lat' dir='ltr'>maxime</span> <span class='ocrx_word' id='word_1_289' title='bbox 420 3370 566 3433; x_wconf 82' lang='lat' dir='ltr'>Venerem</span> <span class='ocrx_word' id='word_1_290' title='bbox 583 3374 702 3433; x_wconf 86' lang='lat' dir='ltr'>deceat:</span> <span class='ocrx_word' id='word_1_291' title='bbox 724 3375 755 3433; x_wconf 71' lang='grc' dir='ltr'>δε</span> <span class='ocrx_word' id='word_1_292' title='bbox 777 3374 891 3449; x_wconf 87' lang='lat' dir='ltr'>qualem</span> <span class='ocrx_word' id='word_1_293' title='bbox 908 3373 1007 3450; x_wconf 81' lang='lat' dir='ltr'>peritus</span> <span class='ocrx_word' id='word_1_294' title='bbox 1027 3374 1060 3436; x_wconf 87' lang='lat'>&amp;</span> <span class='ocrx_word' id='word_1_295' title='bbox 1077 3391 1136 3432; x_wconf 85' lang='lat' dir='ltr'>non</span> <span class='ocrx_word' id='word_1_296' title='bbox 1153 3372 1237 3452; x_wconf 89' lang='lat' dir='ltr'>inep-</span> 
     </span>
     <span class='ocr_line' id='line_1_37' title="bbox 278 3449 1235 3533; baseline 0.006 -24"><span class='ocrx_word' id='word_1_297' title='bbox 278 3462 321 3509; x_wconf 82' lang='lat' dir='ltr'>tut</span> <span class='ocrx_word' id='word_1_298' title='bbox 347 3449 437 3524; x_wconf 79' lang='lat' dir='ltr'>pislor</span> <span class='ocrx_word' id='word_1_299' title='bbox 467 3453 636 3531; x_wconf 83' lang='lat' dir='ltr'>pingendam</span> <span class='ocrx_word' id='word_1_300' title='bbox 663 3453 791 3529; x_wconf 61' lang='lat' dir='ltr'>*aperitis</span> <span class='ocrx_word' id='word_1_301' title='bbox 816 3453 964 3528; x_wconf 81' lang='lat' dir='ltr'>acceperit.</span> <span class='ocrx_word' id='word_1_302' title='bbox 994 3455 1065 3524; x_wconf 81' lang='lat' dir='ltr'>Quae</span> <span class='ocrx_word' id='word_1_303' title='bbox 1090 3450 1132 3514; x_wconf 86' lang='lat' dir='ltr'>est</span> <span class='ocrx_word' id='word_1_304' title='bbox 1150 3452 1235 3533; x_wconf 76' lang='lat' dir='ltr'>igitur</span> 
     </span>
     <span class='ocr_line' id='line_1_38' title="bbox 277 3527 1234 3608; baseline 0.007 -21"><span class='ocrx_word' id='word_1_305' title='bbox 277 3527 326 3589; x_wconf 85' lang='lat' dir='ltr'>illa</span> <span class='ocrx_word' id='word_1_306' title='bbox 343 3529 460 3608; x_wconf 49' lang='lat' dir='ltr'>pistoris*</span> <span class='ocrx_word' id='word_1_307' title='bbox 471 3529 607 3592; x_wconf 80' lang='lat' dir='ltr'>libertas?</span> <span class='ocrx_word' id='word_1_308' title='bbox 638 3535 738 3592; x_wconf 88' lang='lat' dir='ltr'>Dicam</span> <span class='ocrx_word' id='word_1_309' title='bbox 759 3533 890 3595; x_wconf 79' lang='lat' dir='ltr'>breviter.</span> <span class='ocrx_word' id='word_1_310' title='bbox 919 3536 953 3593; x_wconf 88' lang='lat' dir='ltr'>In</span> <span class='ocrx_word' id='word_1_311' title='bbox 972 3531 1042 3593; x_wconf 84' lang='lat' dir='ltr'>locit</span> <span class='ocrx_word' id='word_1_312' title='bbox 1059 3532 1161 3603; x_wconf 77' lang='lat' dir='ltr'>tabulae</span> <span class='ocrx_word' id='word_1_313' title='bbox 1180 3553 1234 3594; x_wconf 75' lang='lat' dir='ltr'>va-</span> 
     </span>
     <span class='ocr_line' id='line_1_39' title="bbox 278 3608 1237 3691; baseline 0.004 -23"><span class='ocrx_word' id='word_1_314' title='bbox 278 3608 355 3678; x_wconf 83' lang='lat' dir='ltr'>cuis,</span> <span class='ocrx_word' id='word_1_315' title='bbox 379 3611 426 3687; x_wconf 78' lang='lat' dir='ltr'>qui</span> <span class='ocrx_word' id='word_1_316' title='bbox 455 3613 597 3673; x_wconf 85' lang='lat' dir='ltr'>Venerem</span> <span class='ocrx_word' id='word_1_317' title='bbox 622 3610 809 3680; x_wconf 71' lang='lat' dir='ltr'>circundant,</span> <span class='ocrx_word' id='word_1_318' title='bbox 826 3614 946 3675; x_wconf 89' lang='lat' dir='ltr'>ltbertrm</span> <span class='ocrx_word' id='word_1_319' title='bbox 973 3611 1025 3674; x_wconf 88' lang='lat' dir='ltr'>erit</span> <span class='ocrx_word' id='word_1_320' title='bbox 1057 3611 1157 3691; x_wconf 72' lang='lat' dir='ltr'>pillori</span> <span class='ocrx_word' id='word_1_321' title='bbox 1182 3611 1237 3673; x_wconf 68' lang='lat' dir='ltr'>flu³</span> 
     </span>
     <span class='ocr_line' id='line_1_40' title="bbox 278 3684 1235 3771; baseline 0.007 -25"><span class='ocrx_word' id='word_1_322' title='bbox 278 3684 374 3756; x_wconf 84' lang='lat' dir='ltr'>mina,</span> <span class='ocrx_word' id='word_1_323' title='bbox 394 3693 482 3767; x_wconf 78' lang='lat' dir='ltr'>ripas,</span> <span class='ocrx_word' id='word_1_324' title='bbox 500 3691 630 3758; x_wconf 77' lang='lat' dir='ltr'>arbores,</span> <span class='ocrx_word' id='word_1_325' title='bbox 645 3691 748 3758; x_wconf 83' lang='lat' dir='ltr'>flores,</span> <span class='ocrx_word' id='word_1_326' title='bbox 767 3692 889 3753; x_wconf 80' lang='lat' dir='ltr'>aviculas</span> <span class='ocrx_word' id='word_1_327' title='bbox 912 3690 1078 3771; x_wconf 80' lang='lat' dir='ltr'>depingere.</span> <span class='ocrx_word' id='word_1_328' title='bbox 1117 3691 1176 3753; x_wconf 84' lang='lat' dir='ltr'>Sed</span> <span class='ocrx_word' id='word_1_329' title='bbox 1200 3694 1235 3753; x_wconf 85' lang='lat'>&amp;</span> 
     </span>
     <span class='ocr_line' id='line_1_41' title="bbox 279 3764 1236 3850; baseline 0.007 -25"><span class='ocrx_word' id='word_1_330' title='bbox 279 3764 324 3825; x_wconf 89' lang='lat' dir='ltr'>hic</span> <span class='ocrx_word' id='word_1_331' title='bbox 352 3767 437 3830; x_wconf 87' lang='lat' dir='ltr'>etiam</span> <span class='ocrx_word' id='word_1_332' title='bbox 459 3771 555 3832; x_wconf 76' lang='lat' dir='ltr'>acriter</span> <span class='ocrx_word' id='word_1_333' title='bbox 582 3769 621 3831; x_wconf 85' lang='lat' dir='ltr'>est</span> <span class='ocrx_word' id='word_1_334' title='bbox 648 3769 900 3838; x_wconf 84' lang='lat' dir='ltr'>considerandum,</span> <span class='ocrx_word' id='word_1_335' title='bbox 922 3773 989 3850; x_wconf 89' lang='lat' dir='ltr'>quid</span> <span class='ocrx_word' id='word_1_336' title='bbox 1016 3790 1110 3832; x_wconf 87' lang='lat' dir='ltr'>rerum</span> <span class='ocrx_word' id='word_1_337' title='bbox 1137 3789 1236 3832; x_wconf 84' lang='lat' dir='ltr'>natura</span> 
     </span>
     <span class='ocr_line' id='line_1_42' title="bbox 277 3845 1235 3928; baseline 0.007 -24"><span class='ocrx_word' id='word_1_338' title='bbox 277 3845 413 3920; x_wconf 81' lang='lat' dir='ltr'>pullulet,</span> <span class='ocrx_word' id='word_1_339' title='bbox 429 3852 460 3918; x_wconf 77' lang='grc' dir='ltr'>ὁ(</span> <span class='ocrx_word' id='word_1_340' title='bbox 477 3851 543 3928; x_wconf 87' lang='lat' dir='ltr'>quid</span> <span class='ocrx_word' id='word_1_341' title='bbox 562 3851 791 3926; x_wconf 54' lang='lat' dir='ltr'>cuiquespicturae</span> <span class='ocrx_word' id='word_1_342' title='bbox 810 3853 842 3909; x_wconf 83' lang='lat' dir='ltr'>stt</span> <span class='ocrx_word' id='word_1_343' title='bbox 862 3851 1146 3912; x_wconf 84' lang='lat' dir='ltr'>accommodandum.</span> <span class='ocrx_word' id='word_1_344' title='bbox 1176 3853 1235 3911; x_wconf 78' lang='lat' dir='ltr'>Cur</span> 
     </span>
     <span class='ocr_line' id='line_1_43' title="bbox 278 3926 1234 4013; baseline 0.005 -27"><span class='ocrx_word' id='word_1_345' title='bbox 278 3926 371 3994; x_wconf 85' lang='lat' dir='ltr'>enim,</span> <span class='ocrx_word' id='word_1_346' title='bbox 398 3930 532 4005; x_wconf 77' lang='lat' dir='ltr'>(rogatus</span> <span class='ocrx_word' id='word_1_347' title='bbox 560 3935 596 3989; x_wconf 90' lang='lat' dir='ltr'>ab</span> <span class='ocrx_word' id='word_1_348' title='bbox 625 3930 739 4007; x_wconf 86' lang='lat' dir='ltr'>aliquo,</span> <span class='ocrx_word' id='word_1_349' title='bbox 763 3929 809 4005; x_wconf 89' lang='lat' dir='ltr'>qui</span> <span class='ocrx_word' id='word_1_350' title='bbox 840 3931 1016 4013; x_wconf 78' lang='lat' dir='ltr'>naufragium</span> <span class='ocrx_word' id='word_1_351' title='bbox 1042 3929 1129 3997; x_wconf 85' lang='lat' dir='ltr'>fecit,</span> <span class='ocrx_word' id='word_1_352' title='bbox 1153 3945 1184 3988; x_wconf 91' lang='lat' dir='ltr'>ut</span> <span class='ocrx_word' id='word_1_353' title='bbox 1205 3929 1234 3992; x_wconf 87' lang='lat' dir='ltr'>se</span> 
     </span>
     <span class='ocr_line' id='line_1_44' title="bbox 278 4004 1244 4090; baseline -0.001 -21"><span class='ocrx_word' id='word_1_354' title='bbox 278 4004 373 4086; x_wconf 71' lang='lat' dir='ltr'>pingis</span> <span class='ocrx_word' id='word_1_355' title='bbox 395 4007 426 4070; x_wconf 86' lang='lat' dir='ltr'>in</span> <span class='ocrx_word' id='word_1_356' title='bbox 445 4011 540 4081; x_wconf 76' lang='lat' dir='ltr'>tabule</span> <span class='ocrx_word' id='word_1_357' title='bbox 560 4025 723 4090; x_wconf 72' lang='lat' dir='ltr'>uirtutem,</span> <span class='ocrx_word' id='word_1_358' title='bbox 744 4011 776 4074; x_wconf 72' lang='grc' dir='ltr'>δε</span> <span class='ocrx_word' id='word_1_359' title='bbox 794 4011 920 4090; x_wconf 81' lang='lat' dir='ltr'>pericula</span> <span class='ocrx_word' id='word_1_360' title='bbox 936 4011 1019 4083; x_wconf 65' lang='lat' dir='ltr'>maris</span> <span class='ocrx_word' id='word_1_361' title='bbox 1037 4008 1244 4089; x_wconf 61' lang='lat' dir='ltr'>effugientem}</span> 
     </span>
     <span class='ocr_line' id='line_1_45' title="bbox 183 4098 1234 4150; baseline 0.003 -3"><span class='ocrx_word' id='word_1_362' title='bbox 183 4098 185 4103; x_wconf 68' lang='grc'><strong>’</strong></span> <span class='ocrx_word' id='word_1_363' title='bbox 1204 4105 1234 4150; x_wconf 68' lang='grc' dir='ltr'>ω</span> 
     </span>
    </p>
   </div>
   <div class='ocr_carea' id='block_1_6' title="bbox 0 0 1434 4709">
    <p class='ocr_par' dir='ltr' id='par_1_6' title="bbox 0 0 1434 4709">
     <span class='ocr_line' id='line_1_46' title="bbox 0 0 1434 4709; baseline 0 3"><span class='ocrx_word' id='word_1_364' title='bbox 0 0 1434 4709; x_wconf 95' lang='lat' dir='ltr'> </span> 
     </span>
    </p>
   </div>
  </div>
 </body>
</html>
