2859 4709
228 432 303 514 wo
413 383 1028 488 'Aae.Pou1uuau1

304 538 386 612 Non
412 555 469 606 tua
497 535 660 623 Caucaseae
684 534 825 606 meminit
841 528 984 621 serrata·
1000 536 1137 602 catenum
1200 564 1202 566 ·

301 639 408 705 Arma
428 631 504 703 deos
517 632 580 720 sua
602 655 750 727 quemque
766 631 904 711 decent,
927 644 985 714 nso
998 627 1139 723 segnius
1157 621 1215 695 alti

228 734 277 808 60
301 729 448 804 Numina
468 728 659 800 conveniunt
678 729 814 825 pelagi,
840 734 901 798 rest
920 728 986 820 ipse
1010 724 1161 815 biformes

300 829 439 898 Arduus
463 848 557 919 urget
582 849 698 920 equos,
711 824 868 919 saevoque
890 823 1028 894 tridente
1053 823 1195 890 minatur

213 1005 218 1012 p
300 926 471 1017 Euroque,
496 921 753 1017 Romamn&
768 924 862 992 uultu
883 929 1034 1013 temperat
1062 915 1230 1025 Auslros,

301 1020 400 1093 Solus
421 1044 500 1113 equo
525 1020 692 1114 Zephyrus
712 1018 860 1089 tremulis
877 1014 1090 1112 persultat'in
1112 1016 1229 1091 undis,

300 1117 371 1207 Ipse
386 1112 462 1207 finu
475 1112 610 1203 facilem
633 1116 721 1185 molli
735 1113 831 1203 sonet
857 1113 1103 1206 Amphitriten,
1198 1143 1201 1147 ⁴
1271 1184 1273 1191 ,

226 1214 273 1310 '65
302 1215 437 1284 Ludunt
460 1214 641 1284 Nereidum
653 1208 788 1306 fimplest
811 1211 953 1286 cuorus,
977 1211 1039 1280 illa
1051 1206 1200 1295 sororem

298 1311 485 1386 Provocat,
508 1305 548 1380 (Υ
575 1308 710 1379 Blando'
724 1327 827 1378 certat
844 1305 1000 1400 superare
1022 1324 1165 1381 natatu,

298 1407 381 1479 Haec
400 1403 547 1499 junllum
568 1405 734 1498 Delphina
749 1404 835 1500 regit
848 1445 860 1483 ,
873 1404 991 1499 premit
1009 1403 1069 1473 illa
1091 1404 1232 1481 leonem,

301 1501 399 1572 Trux
423 1501 511 1572 vehit
539 1500 746 1586 hamarim,
770 1498 857 1572 olido
868 1498 960 1589 sedet
985 1499 1045 1572 illa
1067 1499 1232 1591 juvenco,

303 1596 463 1684 Insultant
485 1597 561 1666 aliae
579 1592 744 1692 morslris:
765 1601 836 1694 qu'ae
855 1596 995 1693 plurimo
1014 1595 1125 1689 vaslus

225 1712 277 1786 70
302 1695 430 1767 Subluit
456 1695 625 1766 Oceanus:
643 1693 786 1788 scopulis
811 1696 1073 1767 horrentiaCete

303 1792 506 1864 Ballaenamr
530 1786 754 1885 Pislrimp'ue,¹
771 1790 812 1864 (9¹
835 1788 1013 1886 Physetera
1034 1787 1205 1862 marinos,

298 1891 340 1961 Si
364 1913 425 1982 qua
445 1884 531 1975 ficies
553 1911 630 1957 vero
654 1884 719 1980 ιβ,
737 1885 893 1975 efflantem
916 1889 958 1976 ad
969 1884 1078 1981 fidera
1088 1883 1227 1981 jiullus.

299 1984 467 2076 Quasdam
491 1984 533 2058 (7
549 1981 695 2072 semiferi
713 1985 804 2072 dorso
829 1987 980 2059 Tritones
1002 1982 1106 2056 amito

300 2081 497 2176 Excipiunt,
522 2077 688 2175 infidaque
712 2081 820 2176 ligant
840 2083 1026 2156 ‘curvamine
1050 2077 1180 2154 cauda,

222 2194 272 2274 75
299 2180 341 2249 Et
365 2199 448 2248 nunc
473 2175 633 2246 tortilibus
655 2179 853 2276 permulcent
874 2202 1004 2272 aequora
1026 2177 1175 2258 conchis,

298 2274 421 2346 Dulcia
447 2295 528 2364 nunc
542 2275 646 2367 flexis
671 2275 847 2346 cervicibus
874 2277 979 2366 oscula
1000 2293 1144 2371 captant.

291 2370 331 2438 ‘lt
345 2370 489 2442 Phorcus
500 2388 606 2463 pater,
624 2371 650 2440 it
663 2371 822 2449 Glaucus,
840 2372 1030 2467 longamque
1045 2390 1106 2464 per
1124 2364 1225 2438 undas

281 2466 454 2543 ‚Canitiem
474 2465 598 2546 trahit,
612 2465 654 2540 (i
671 2469 832 2566 Nymphis
854 2468 1045 2540 sudantibus
1065 2460 1178 2550 insint,

164 2615 171 2622 .
298 2563 451 2658 lnousque
471 2581 564 2656 puer,
593 2563 717 2636 Glauca
739 2589 810 2634 cum
831 2577 957 2645 matre,
975 2563 1120 2658 repulsas

227 2662 276 2739 80
300 2662 401 2732 Nunc
417 2657 529 2746 sulcet
554 2659 679 2748 lascivit
703 2669 825 2753 aquas,
849 2684 933 2732 nunc
951 2660 1113 2754 improbus
1134 2678 1224 2729 extat

295 2757 387 2828 Pube
411 2776 526 2840 tenus,
552 2756 766 2850 conchasque,
784 2758 825 2832 (5
843 2758 943 2828 rubra
967 2758 1099 2827 corallia
1122 2756 1224 2841 vellit.

296 2852 349 2924 Tu
372 2873 494 2947 quoque
515 2875 579 2922 non
602 2853 695 2948 dudio
714 2849 857 2943 frontem
878 2855 992 2924 laxare
1012 2853 1160 2940 seueram

298 2948 445 3020 Tandem
459 2949 551 3033 ausus
570 2949 652 3038 risu,
665 2951 807 3028 Proteus
824 2971 935 3030 utrum
954 2975 1019 3021 una
1032 2969 1224 3045 peremptum

239 3072 242 3079 ’
295 3044 412 3138 Plorat
432 3046 538 3115 adhuc
558 3068 666 3120 notum
688 3047 823 3125 Thetis,
838 3047 1035 3121 &crudelia
1052 3046 1161 3127 diviluc

221 3146 269 3238 85
298 3141 466 3222 Numina,
491 3144 636 3214 crudeles
662 3144 787 3217 Parcas
814 3143 990 3231 miseranda
1015 3141 1153 3234 lacessit,
1222 3211 1224 3215 .

293 3245 348 3311 Ac
368 3236 514 3332 precibus
532 3242 648 3309 mixtas
675 3241 840 3336 obliquans
857 3240 950 3326 saeoa
976 3243 1147 3332 quereias,

294 3334 462 3426 Exitiipue
482 3355 569 3403 reum
595 3337 700 3416 citat,
724 3340 765 3410 (t
792 3337 931 3409 convitia
947 3333 1085 3424 fundit,

291 3431 378 3502 Tum
405 3431 464 3500 nist
481 3429 568 3524 passa
593 3434 686 3502 thoro
710 3436 832 3531 primos
859 3434 1040 3503 accumbere
1065 3433 1179 3509 divum

246 3569 249 3573 ·
291 3526 464 3598 Procurrit
486 3527 614 3599 turbata
636 3553 767 3612 comas,
791 3531 833 3606 N
851 3530 978 3626 peuore
1000 3531 1111 3614 nuda,

219 3646 269 3721 90
294 3625 349 3696 Sic
374 3622 467 3693 dolor
492 3623 548 3694 ille
567 3645 690 3708 monet,
713 3630 856 3721 lanaque
874 3627 1022 3720 amplexa
1044 3630 1178 3701 verendi

214 3771 215 3775 =
245 3767 248 3772 -
291 3723 403 3792 Genua
414 3719 531 3802 Iouis,
548 3722 901 3816 dextraque-attentans
916 3725 1056 3818 supplice
1071 3726 1201 3799 batham

152 3899 153 3905 ἵ
291 3816 426 3888 Talibus
450 3812 554 3907 affm
577 3813 639 3910 esi:
667 3822 700 3893 Ο
726 3822 780 3916 qui
791 3816 961 3914 stellantia
984 3840 1066 3892 nutu
1104 3888 1106 3893 ,

290 3913 411 4008 Regna
430 3913 693 4006 quatis,·uiden’,
712 3937 747 3988 ut
760 3940 885 4010 magno
899 3916 939 3988 de
953 3939 1049 4012 gente
1066 3916 1199 4008 dearum

160 4112 169 4120 h
285 4009 364 4082 Sola
384 4031 443 4102 ego
457 4007 611 4106 perpetui
632 4013 730 4107 (quid
743 4013 825 4085 enim
839 4037 910 4087 mea
924 4015 1061 4089 uulnera
1083 4016 1223 4108 celeml)

634 4127 637 4131 ’
676 4167 679 4170 ,
1150 4113 1221 4185 Ta·
