2859 4709
250 445 324 536 276
520 391 993 512 Aan1Pnns11

248 560 397 639 Pellerel
424 561 499 655 quin
524 565 665 655 tepidum
691 564 749 635 liae
768 584 858 654 optes
882 560 1017 633 audire?
1040 556 1220 632 decenter?

248 665 313 732 Fur
340 684 397 734 es,
422 661 467 745 ait
491 659 613 737 Pedio,
640 662 761 730 Pedius
786 656 883 753 quid?
909 657 1042 726 crimina
1065 657 1156 752 rasis.

221 832 225 837 ,
249 757 366 830 Lidrat
389 757 423 825 in
445 755 637 829 antithetis,
656 756 769 825 dailas
786 751 919 848 posdisse
936 751 1065 846 figuras
1248 755 1250 757 ’

250 855 439 925 Laudatur:
459 849 573 919 delium
591 849 671 922 ime?
687 852 745 920 ime
760 852 895 921 delium?
907 873 970 927 an,
983 849 1119 918 Romule
1135 849 1251 921 cenes?

249 947 344 1018 Men'
370 966 494 1014 moueat
519 949 653 1041 quippe,
677 945 716 1017 (ἵ
739 967 845 1016 cantet
864 943 895 1036 fi
916 941 1117 1038 naufragus,
1138 945 1230 1034 asem

250 1038 465 1119 Protuleriml
491 1063 625 1126 cantas,
651 1067 719 1111 tum
734 1039 849 1130 fraeda
873 1064 904 1112 te
929 1042 962 1108 in
976 1042 1066 1111 trade
1085 1043 1209 1138 piiium

250 1145 306 1212 Ex
330 1140 459 1207 humero
479 1137 604 1228 portes?
632 1161 761 1214 verum,
784 1161 840 1206 net
862 1136 954 1206 nodie
975 1157 1126 1231 paratum

236 1234 420 1327 ¹Ploradit‚
446 1233 498 1323 qui
522 1257 570 1301 me
595 1234 682 1304 volet
706 1230 885 1321 incurvasse
910 1233 1050 1323 querela.

300 1328 363 1402 Sed
388 1330 526 1398 numeris
551 1325 727 1419 decoresl,
752 1329 791 1403 (7
809 1327 964 1420 junilura
986 1328 1096 1399 addita
1119 1327 1239 1400 crudis.

250 1425 410 1499 Claudere
426 1419 475 1512 fic
500 1423 621 1509 versum
647 1425 784 1505 didicit,
811 1423 1048 1518 Berecynthius
1070 1427 1182 1520 Atys,

195 1573 201 1584 .
251 1524 375 1613 Ecqui
401 1519 577 1589 caeruleam
604 1521 774 1591 dirimebat
798 1520 909 1589 Nerea
935 1519 1087 1611 delphin,

252 1620 307 1690 Sic
334 1615 456 1687 costam
483 1615 587 1709 longo
617 1615 831 1688 subduximus
858 1618 1069 1706 Appennino.

251 1719 361 1787 Arma
376 1714 504 1786 virum,
530 1736 633 1783 nonne
648 1715 706 1784 itoc
721 1711 919 1808 spumosum,
936 1711 975 1784 (Ὺ
991 1715 1105 1785 cortice
1115 1714 1253 1813 pingui,

253 1814 299 1883 Ut
326 1811 445 1879 ramale
468 1829 558 1879 vetus
583 1812 740 1903 vegrandi
757 1809 870 1893 subere
895 1807 1035 1880 codiuml

253 1902 418 1995 Quidnam
442 1904 540 1998 igitar
563 1925 723 1985 tenerum,
747 1905 786 1976 (5
812 1906 889 1973 laxa
913 1906 1033 1976 cervice
1059 1902 1250 1998 legendum?

253 2003 373 2073 Torva
400 2000 627 2074 Mimalloneis
654 2001 831 2090 implerunt
855 2022 976 2073 cornua
1002 1999 1159 2086 bombis,

253 2100 297 2168 Et
322 2118 449 2187 raptum
473 2097 578 2167 vitulo
603 2116 701 2186 caput
722 2097 865 2167 ablatura
887 2093 1027 2185 lhp‘erbo

252 2193 403 2275 Baliaris,
429 2192 613 2285 &lyncem
639 2193 767 2263 Menas
789 2192 913 2263 flexura
937 2192 1107 2285 corymbis

252 2289 368 2365 Ενίοιι,
383 2288 592 2379 ingeminat,
616 2289 802 2377 reparabilis
826 2286 955 2359 adsonat
978 2290 1084 2363 Echo.

253 2389 336 2458 Haec
353 2378 541 2472 serentes
566 2381 701 2476 testiculi
729 2409 812 2455 vena
839 2385 908 2452 ulla
931 2387 1060 2477 paterni

253 2484 392 2559 Viveret
415 2482 449 2550 in
472 2478 587 2553 nodis?
603 2479 728 2568 srirnma
755 2481 897 2551 delumbe
914 2481 1025 2566 saliva

254 2580 329 2651 Hoc
344 2600 433 2648 natat
450 2576 484 2647 in
505 2576 630 2657 labris,
648 2576 688 2650 (7
702 2580 735 2647 in
749 2580 812 2646 udo
830 2572 870 2667 esi
886 2580 1037 2657 Maenas,
1054 2577 1095 2651 (9¹
1114 2573 1224 2674 Atys?

253 2677 328 2749 Nec
348 2676 490 2766 pluteum
517 2675 632 2752 caedit,
650 2696 706 2742 nec
730 2673 886 2756 demorsos
903 2672 991 2767 sapit
1017 2695 1156 2767 ungues.

302 2771 367 2840 Sed
391 2771 467 2862 quid
489 2790 566 2861 opus
586 2789 712 2839 teneras
731 2768 871 2838 mordaci
894 2771 1007 2841 radere
1029 2792 1107 2840 vero

254 2861 454 2936 Auriculaei
482 2866 557 2935 vide
572 2862 639 2956 ss,
664 2889 702 2933 ne
729 2868 883 2957 majorum
903 2866 963 2935 tibi
980 2863 1071 2953 sorte

254 2961 387 3034 Limina
405 2956 609 3051 frigescant,
629 2963 726 3047 sonal
752 2961 805 3032 hie
832 2960 871 3028 de
891 2986 970 3030 nare
996 2963 1108 3032 canina

252 3057 400 3128 Littera:
419 3073 476 3148 per
498 3081 546 3125 me
568 3058 709 3149 equidem
724 3053 790 3148 fine
814 3055 1088 3148 omniaprotinus
1108 3053 1205 3130 alba,

252 3154 317 3224 Nil
330 3176 444 3222 moror.
471 3153 589 3246 Euge!
604 3176 731 3232 omnes,
747 3176 853 3220 omnes
871 3151 947 3221 dene
968 3154 1060 3222 mirae
1081 3152 1177 3224 eritis
1191 3176 1251 3222 res.

149 3303 155 3315 ,
252 3251 326 3324 Hoc
342 3250 459 3340 juvat,
482 3249 556 3328 iric,
585 3249 709 3342 inquis,
733 3270 808 3318 veto
833 3246 993 3340 quisquam
1010 3248 1103 3339 suxit
1124 3247 1250 3318 oletum.

251 3346 359 3436 Pinge
381 3343 461 3413 duos
484 3368 625 3437 arrgues,
642 3346 757 3438 pareri,
776 3343 871 3428 sacer
895 3340 935 3437 esi
960 3347 1067 3430 loeus,
1086 3367 1182 3417 extra

251 3440 392 3519 Merite,
416 3437 557 3522 discedo:
577 3441 680 3524 secuit
706 3441 855 3510 Lucilius
878 3440 1001 3519 urbem,
1239 3506 1243 3523 ,

253 3534 303 3606 Te
327 3537 439 3630 Lupe,
464 3556 496 3605 te
522 3537 615 3605 Muri
626 3581 637 3618 ,
657 3535 697 3609 (d
718 3537 893 3632 genuinum
903 3535 1012 3632 fregit
1037 3536 1072 3608 in
1098 3541 1191 3612 illis:

254 3633 359 3703 Omne
382 3629 472 3719 vafer
498 3632 612 3700 virium
638 3633 758 3703 ridenti
784 3630 918 3702 Flaccus
943 3635 1043 3705 amieo

251 3725 394 3820 Tenngir,
421 3728 461 3802 (θ’
484 3724 635 3819 admissus
659 3730 776 3799 circuln
797 3732 997 3822 precordia,
1019 3729 1122 3816 ludit,

253 3823 401 3894 Callidus
426 3822 548 3914 excuso
571 3826 722 3916 populum
740 3822 928 3919 suspendere
950 3825 1034 3911 nasei.

250 3918 344 3986 Men'
358 3921 471 3988 mutire
485 3915 577 4006 nesae
593 3943 650 3990 nec
662 3922 767 4000 clam,
779 3946 837 3991 nee
848 3943 918 3988 eum
924 3918 1058 4007 seroie?
1071 3921 1251 4019 nusquam!

249 4013 318 4086 Hic
341 4036 446 4087 tamen
469 4014 644 4106 infodiam,
671 4016 763 4105 uidi,
785 4014 854 4091 vidi
876 4014 965 4111 ipse,
989 4018 1118 4102 libelle,

370 4140 372 4145 ’
1147 4114 1253 4202 Aurig
