2859 4709
251 468 326 564 568
445 464 807 535 Poarroarr
854 444 1054 529 Mena

249 585 355 659 modo
371 581 503 677 objecta
521 581 589 662 esl,
617 580 673 652 sed
694 584 794 653 latera
809 580 852 649 ad
864 576 1121 670 septentriones,
1141 577 1248 667 fronte

247 684 290 754 ad
315 681 478 752 occasum.
520 678 662 750 Urbium
690 680 731 748 de
757 674 1004 749 mediterraneis
1029 673 1062 742 in
1085 674 1249 747 Tarraco·

247 777 339 849 nenfi
358 778 535 847 clarissimae
553 777 688 849 suerunt
713 771 918 846 Pallantia&
936 770 1140 852 Numantia,
1162 789 1251 871 nunc

246 870 295 945 esl
319 871 573 968 Cesaraugusla:
602 874 636 941 in
663 869 849 952 Lusitania,
867 869 1035 940 Emerita:
1057 869 1090 938 in
1116 870 1250 953 Betica,

247 970 381 1064 Astigi,
405 969 541 1062 lspalis,
562 968 741 1043 Corduba:
758 987 791 1039 at
815 964 838 1036 st
861 965 972 1037 littora
989 966 1106 1060 legas,
1124 965 1140 1036 'a
1158 967 1248 1040 Cer·

246 1068 335 1143 varia
361 1072 511 1158 proxima
536 1064 582 1136 esi
603 1089 729 1156 rupes,
752 1085 826 1157 quae
850 1061 884 1131 in
912 1063 1018 1134 altum
1050 1065 1248 1158 Pyrenaeum

244 1168 405 1239 extrudit.
449 1164 543 1234 Dein
565 1162 684 1232 Thicis
704 1160 854 1242 flumen,
879 1160 921 1230 ad
949 1158 1135 1231 Rhodam:
1155 1162 1249 1236 Clo-

244 1261 380 1332 dianum
398 1261 438 1330 ad
457 1259 625 1352 Emporia.
665 1259 761 1329 Tum
783 1279 882 1328 mons
906 1257 1031 1340 Jovis,
1057 1257 1153 1350 cujus
1174 1284 1249 1352 par·

242 1375 315 1430 tem
333 1359 496 1430 occidenti
516 1353 708 1439 adversam,
724 1355 898 1426 eminentia
918 1357 1087 1435 cautium,
1111 1381 1185 1449 quae
1199 1359 1249 1426 in=

242 1472 295 1525 ter
313 1453 434 1546 exigua
455 1452 614 1544 speciant
629 1454 750 1547 gradus
774 1450 910 1522 subinde
926 1449 1246 1546 consurgunt,·Sca·

240 1552 289 1624 las
311 1547 484 1622 Annibalis
506 1549 680 1642 appellant.
717 1549 803 1620 Inde
828 1551 868 1618 ad
891 1548 1124 1620 Tarraconem
1150 1575 1245 1643 parva

240 1647 314 1718 sunt
334 1645 476 1736 oppida,
499 1645 784 1726 Elanda,1lluro,
809 1646 959 1725 Betullo,
977 1645 1167 1731 Barchino,
1186 1652 1245 1722 Su·
1289 1687 1293 1699 ·

240 1742 329 1823 bur,
354 1742 528 1817 Tholobi:
559 1766 659 1834 parva
685 1740 845 1824 flumina,
874 1741 1004 1816 Betullo
1032 1743 1129 1834 juxta
1155 1747 1244 1826 Jovis

238 1857 394 1911 montem
416 1887 432 1924 ,
459 1838 680 1912 Rubricatum
714 1841 749 1909 in
781 1838 993 1911 Barchinonis
1023 1840 1138 1914 littore
1165 1842 1243 1915 inter

238 1934 413 2011 Subur&
438 1933 614 2008 Tholobin
634 1935 752 2028 majus.
792 1937 940 2008 Tarraco
965 1935 1044 2010 urbs
1069 1938 1117 2009 esi
1140 1940 1177 2009 in
1198 1940 1246 2013 his

237 2033 306 2106 oris
322 2032 560 2106 maritimarum
582 2033 832 2128 opulentisfima.
857 2035 975 2106 Tulcis
996 2059 1072 2106 eam
1089 2039 1243 2110 modicus

234 2128 478 2207 amnissubit,
500 2133 617 2229 ingens
641 2131 761 2203 Iberus
779 2130 956 2204 Dertosam
976 2133 1122 2227 attingit.
1160 2136 1237 2206 Inde

235 2223 272 2296 se
292 2227 326 2295 in
350 2241 451 2297 terras
471 2228 609 2324 pelagus
631 2227 789 2310 insinuat,
810 2227 1010 2319 &primum
1031 2254 1162 2324 magno
1181 2233 1236 2302 im

226 2335 316 2413 ⁴petu
340 2323 543 2406 admissum,
571 2349 654 2396 mox
684 2328 719 2396 in
749 2327 833 2397 duos
865 2323 952 2397 finus
979 2330 1239 2418 promontorio,

235 2422 328 2512 quod
354 2421 535 2492 Ferrariam
561 2442 703 2504 vocant,
725 2419 880 2503 finditur,
904 2425 996 2514 prior
1026 2425 1241 2497 Sucronenfis

235 2516 375 2596 dicitur,
400 2515 507 2611 major
533 2517 588 2589 hic
612 2520 647 2596 δι
671 2541 796 2612 magno
821 2517 975 2611 satiante
995 2521 1241 2616 pelagusacci·

232 2614 352 2704 piens,
374 2612 492 2709 &quo
509 2617 616 2709 magis
629 2617 838 2708 penetratur,
851 2615 1039 2712 an'gullior,
1065 2620 1242 2700 Serabim‚

232 2710 271 2783 ὅ(
294 2711 460 2793 Duriam,
480 2711 516 2787 ἃ
540 2716 725 2784 Sucronem
747 2736 815 2784 non
839 2737 959 2808 magna
977 2715 1102 2805 excipit
1122 2715 1240 2788 flumi-

230 2829 294 2877 na:
317 2807 417 2879 urbes
440 2810 658 2903 complexus,
683 2808 720 2884 ἃ
741 2808 817 2880 alias
839 2812 1001 2903 quidem,
1027 2809 1085 2884 sed
1105 2815 1238 2885 notilli·

229 2927 302 2976 mas
323 2904 514 2993 Valentiam
537 2906 572 2982 ἃ
592 2907 777 3001 Saguntum
798 2906 910 2991 illam,
926 2906 1015 2990 side,
1029 2907 1064 2982 St
1079 2912 1234 2982 aerumnis

227 2999 399 3094 inclytam.
443 3004 591 3096 Sequens
608 3003 788 3077 Illicitanus
803 3004 951 3076 Alonem
974 3003 1087 3084 habet,
1104 3001 1139 3078 ὅς
1156 3005 1231 3079 Lu·

229 3101 403 3174 centiam,
429 3098 465 3172 &
494 3103 585 3174 unde
617 3104 648 3172 ei
677 3126 801 3174 nomen
824 3099 870 3172 cll
892 3102 1024 3176 Illicen.
1065 3100 1137 3174 Hic
1163 3102 1235 3198 jam

218 3209 324 3283 *tetrae
346 3194 452 3288 magis
470 3195 503 3266 in
525 3198 629 3269 altum
648 3218 749 3276 eunt,
766 3198 989 3294 latioremque
1008 3224 1109 3292 quam
1125 3199 1236 3276 suerat

217 3288 424 3382 'Hispaniam
439 3293 584 3380 faciunt,
606 3320 726 3370 verum
745 3296 786 3368 ab
805 3295 845 3368 iis
871 3323 946 3391 quae
969 3297 1056 3368 dicia
1076 3295 1176 3383 sunt,
1193 3302 1236 3372 ad

225 3389 388 3480 principia
418 3388 565 3474 Beticae,
595 3412 714 3485 prater
744 3392 1006 3488 Carthaginem,
1029 3418 1132 3487 quam
1165 3398 1237 3470 dmr

224 3487 405 3558 Pariorum
430 3485 594 3561 Asdrubal
624 3492 795 3571 condidit,
824 3492 907 3565 nihil
929 3492 1148 3565 referendum
1177 3493 1235 3566 esl.

183 3619 187 3623 ·
222 3580 267 3654 In
289 3581 352 3653 illis
367 3582 434 3656 oris
452 3585 613 3678 ignobilia
630 3587 700 3660 sunt
718 3589 859 3680 oppida,
877 3588 914 3664 ὃ(
934 3611 1079 3687 quorum
1103 3593 1234 3664 mentio

221 3695 351 3750 tantum
379 3683 421 3752 ad
449 3683 601 3755 ordinem
628 3684 782 3778 pertinet.
830 3686 950 3786 Virgi·
966 3685 1000 3756 in
1025 3683 1097 3756 stnu
1127 3712 1233 3780 quem

221 3772 439 3870 Virgitanum
469 3799 599 3854 vocant.
648 3784 751 3856 Extra
783 3781 949 3867 Abdera,
973 3783 1082 3859 Suel,
1108 3782 1233 3869 Hexi‚

218 3870 392 3953 Menoba,
406 3873 557 3974 Malaca,
571 3879 737 3963 Salduba,
749 3879 920 3974 Lacippo,
934 3876 1101 3953 Berbesul.
1136 3882 1232 3976 Ape·

209 3971 256 4045 rit
280 3972 406 4047 deinde
433 3974 698 4072 angullillamum
714 3977 880 4067 pelagus,
898 3977 936 4052 &
965 3976 1119 4068 proxima
1144 3981 1232 4052 inter

198 4071 247 4181 se,
267 4076 432 4176 Europae
448 4125 460 4167 ,
495 4095 601 4175 atque
635 4073 761 4148 libica
776 4071 896 4141 littora
912 4075 1047 4141 montes
1063 4074 1263 4228 escroton.xxx

176 4350 223 4384 k
