2859 4709
538 403 605 457 nn
651 383 822 459 lnrn
1108 397 1181 476 205

176 522 288 598 Tunc
308 540 442 614 quoque
463 536 541 589 cum
565 516 661 587 fuero
677 541 795 589 vacuas
817 511 956 608 dilapsus
978 515 1142 598 inauras,

229 616 403 690 Exanimis
428 631 539 683 manes
562 614 669 684 oderit
694 613 811 684 umbra
832 632 917 684 tuos.

178 715 286 788 Tunc
298 706 607 809 quoque-{adinrum
619 711 748 782 veniam
763 733 894 780 memor
909 709 1028 780 umbra
1040 724 1192 793 tuorum,

231 809 395 904 Insequar
417 807 453 879 δ’(
475 806 586 877 vultus
611 804 695 876 ossea
715 805 823 876 forma
847 825 932 876 tuos.

183 910 266 982 Sive
285 932 353 1001 ego
371 903 482 996 (quod
499 901 644 989 nollem)
661 903 770 992 longis
792 900 1005 995 consumptus
1024 899 1064 974 ab
1082 900 1192 988 anule,

235 1005 314 1076 Sive
337 997 527 1074 manufaeta
549 1017 659 1068 morte
685 996 809 1072 solutus
833 1022 922 1080 eru,

160 1126 164 1135 ·
185 1100 267 1175 Sive
293 1098 353 1190 per
376 1092 550 1167 immensas
574 1092 719 1188 jadiabor
745 1096 921 1188 naufragus
947 1097 1075 1178 undas,

149 1240 152 1251 ·
239 1195 428 1287 Nostraque
454 1193 654 1286 longinquus
677 1190 800 1264 viscera
827 1192 921 1281 pilcis
946 1195 1043 1269 edet,

188 1295 270 1369 Sive
291 1291 475 1385 peregrinae
505 1307 637 1379 carpent
662 1313 737 1358 mea
760 1287 910 1358 membra
934 1288 1110 1371 volucres,

238 1391 347 1482 Inque
373 1409 451 1458 meo
477 1385 605 1479 lingent
633 1381 789 1478 sanguine
812 1383 912 1456 tolita
935 1382 1029 1476 lupi,

190 1486 272 1562 Sive
296 1482 412 1576 aliquis¹
436 1481 590 1577 dignatus
615 1483 675 1550 erit
700 1479 888 1572 supponere
906 1499 1020 1564 terrae,

240 1585 286 1654 Et
314 1582 391 1650 dare
417 1577 550 1668 plebeio
579 1600 699 1668 corpus
724 1579 819 1646 inane
846 1599 956 1669 rogo:

192 1674 375 1775 Quicquid
399 1698 476 1752 ero,
498 1673 623 1767 Stygiis
646 1696 823 1764 erumpere
847 1672 929 1744 nitar
953 1675 994 1746 ab
1020 1673 1108 1755 oris,

242 1778 293 1845 Et
317 1771 447 1840 tendam
471 1769 597 1864 gelidas
618 1769 708 1840 ultor
730 1770 763 1838 in
787 1792 844 1839 ora
867 1793 993 1843 manus.

194 1874 264 1947 Me
289 1865 425 1962 vigilans
449 1889 582 1946 cernes,
607 1865 711 1936 tacitis
725 1884 802 1960 'ego
825 1867 932 1937 nodis
954 1869 988 1936 in
1009 1865 1135 1965 umbris¹

244 1964 423 2038 Excutiam
445 1959 580 2064 somnos
604 1959 690 2036 visus
716 1961 823 2033 adelle
848 1981 934 2034 tuos.
1032 2048 1034 2053 Δ

196 2065 358 2154 Denique
380 2059 537 2153 quicquid
552 2080 651 2152 ages,
664 2075 737 2131 ante
755 2083 815 2138 os,
832 2055 1012 2150 oculosque
1026 2056 1175 2138 ¹volabo,

247 2161 289 2228 Et
314 2179 453 2251 querar,
471 2155 506 2228 &
525 2155 611 2226 nulla
633 2154 707 2241 sede
730 2155 860 2248 quietus
881 2156 957 2226 eris.

199 2254 354 2332 Verbera
379 2252 462 2324 sarva
489 2251 610 2323 dabunt
632 2250 798 2330 sonitum,
822 2275 982 2345 nexaque
1007 2253 1152 2328 colubris

149 2430 151 2439 ,
247 2347 392 2424 Conscia
417 2345 591 2420 fumabunt
615 2346 744 2440 semper
767 2351 808 2419 ad
829 2348 1004 2421 ora'saces.

149 2446 151 2509 l
202 2449 269 2524 His
295 2447 392 2518 vivus
416 2441 509 2515 furiis
531 2444 722 2540 agitabere,
747 2464 898 2517 mortuus
923 2442 1065 2532 iisdem,

250 2546 295 2614 Et
319 2542 454 2613 brevior
477 2563 579 2630 poena
602 2543 667 2614 vita
691 2539 800 2615 sutura
825 2561 879 2612 tua
902 2540 958 2610 cll.

202 2642 283 2713 Nec
311 2638 369 2707 tibi
395 2636 564 2729 continget
588 2637 715 2723 funus,
740 2641 985 2733 lachrymaeque
1011 2653 1147 2712 tuorum
1160 2643 1181 2723 ‚⁴

249 2735 501 2825 Indeploratum
523 2732 698 2826 projiciere
726 2757 834 2828 caput.

203 2827 443 2922 Carnificisque
466 2852 566 2899 manu
591 2834 721 2920 populo
750 2834 924 2925 plaudente
948 2828 1108 2921 trahite,

251 2925 445 3017 Infixusque
467 2927 529 2996 tuis
555 2922 675 2997 ollibus
700 2954 805 3000 uncus
831 2934 902 3002 erit.
962 2925 975 2941 ”

207 3023 295 3116 Ipsae
319 3040 352 3091 te
378 3023 507 3115 fugient
531 3044 604 3114 quae
628 3046 763 3116 carpunt
786 3030 895 3100 omnia
920 3026 1089 3111 flammae,

253 3117 401 3207 Respuet
426 3115 564 3190 invisum
588 3114 668 3209 justa
692 3125 829 3194 cadaver
852 3124 983 3196 humus.

149 3306 151 3311 Ι
208 3213 444 3308 Unguibus&
467 3211 572 3284 rostro
595 3217 704 3287 tardus
730 3219 834 3290 trahet
861 3221 915 3291 ilia
939 3220 1071 3301 vultur,

149 3320 151 3335 '
255 3316 298 3383 Et
325 3310 471 3381 scindent
496 3307 584 3380 avidi
609 3313 733 3398 perlida
759 3317 857 3386 corda
879 3341 984 3388 canes.

210 3409 330 3498 Deque
345 3427 418 3478 ¹tuo
443 3405 500 3476 fiet
528 3405 630 3496 (licet
654 3407 715 3480 hac
736 3410 775 3482 sis
796 3413 892 3483 laude
915 3404 1102 3506 superbus)

253 3502 494 3573 Insatiabilibus
519 3524 661 3592 corpore
687 3509 756 3576 rixa
782 3508 876 3598 lupis.

213 3596 254 3666 In
277 3601 348 3672 loca
377 3599 417 3672 ab
444 3595 561 3692 Elysiis
584 3596 708 3670 diversa
729 3600 893 3697 fugabere
918 3604 1066 3695 campis,

152 3774 155 3785 Ι
263 3693 419 3790 Quasque
437 3710 527 3765 tenet
550 3691 640 3764 sedes
663 3699 763 3769 noxia
790 3699 885 3772 turba
905 3701 1007 3772 coles

212 3786 368 3884 Sisyphus
392 3790 438 3861 ell
463 3791 530 3860 illic
554 3787 668 3860 saxum
695 3794 918 3887 volvensque,
939 3790 1141 3887 petensque,¹

257 3888 402 3986 ¹Quique
423 3889 533 3984 agitur
556 3888 678 3981 rapidae
701 3893 830 3972 viridius
851 3892 893 3968 ab
918 3888 1001 3967 orbe
1025 3910 1116 3968 rotae.

1100 3990 1214 4081 ρης
