2859 4709
434 434 679 530 ¹,cam

198 764 1113 868 aamammmmmammmmaau

202 970 239 1097 Ρ
300 968 364 1096 O
424 972 500 1100 M
559 968 609 1094 P
670 969 734 1097 O
793 965 950 1098 ΝἸ
1007 969 1041 1094 Ι

438 1210 498 1315 Μ
547 1211 589 1313 Ε
636 1204 683 1310 L
730 1213 795 1315 ‘AE

210 1403 1122 1551 uaciuuoaaiu'

280 1657 548 1745 mauu
603 1656 959 1745 PRIMUs.

391 1824 857 1973 aaoum'aum

316 2031 444 2113 ,Rms
468 2026 567 2125 situm
580 2034 689 2108 dicere
709 2030 911 2131 aggredior,
925 2034 1127 2129 impeditum

217 2030 323 2416 ᾗ
346 2129 664 2224 opus‚&sacundiae
679 2131 819 2204 minime
836 2152 959 2225 capax,
970 2133 1129 2222 (Constat

319 2295 322 2306 ,
346 2229 434 2301 enim
454 2228 525 2303 sere
546 2254 590 2302 ex
610 2230 761 2326 gentium
779 2227 999 2322 locorumque
1017 2231 1130 2306 nomi·

345 2322 466 2404 nibus,
491 2325 528 2401 δ(
554 2350 673 2398 eorum
698 2325 859 2416 perplexo
885 2325 959 2399 satis
987 2330 1131 2409 ordine,

349 2434 449 2515 quem
474 2420 623 2516 persequi
649 2421 750 2518 longa
784 2421 830 2493 esi
857 2424 995 2521 magis,
1031 2422 1132 2520 quim

224 2538 276 2609 gna
294 2521 456 2612 materia)
484 2542 610 2590 verum·
627 2515 724 2610 aspici
748 2534 881 2614 tamen,
906 2521 1133 2614 cognoscique

227 2612 383 2688 ffimum:
416 2615 455 2703 ὃς
477 2616 568 2708 quod
594 2611 620 2686 fi
646 2638 714 2685 non
743 2638 808 2706 ope
833 2615 958 2712 ingenii
988 2621 1134 2692 orantis·

227 2708 256 2784 sa
281 2711 329 2787 sui
353 2711 628 2804 contemplatione
652 2711 802 2803 precium
830 2737 943 2805 operae
965 2718 1134 2785 attenden-

243 2807 399 2881 absolvat.
439 2809 561 2883 Dicam
586 2826 697 2881 autem
716 2809 793 2882 alias
810 2810 957 2900 plura&
980 2811 1135 2884 exacuas.

229 2913 397 2988 cautem,
421 2924 473 2982 ut·
489 2928 630 3004 quaeque
657 2921 755 2979 erunt
779 2903 979 2986 clarissima,
1004 2906 1042 2983 &
1064 2907 1137 2979 ssei·

273 3007 325 3076 Ac
347 3003 458 3097 primo
479 3005 614 3100 quidem
638 3024 712 3093 quaa
732 2998 770 3072 sn
792 3000 900 3078 forma
921 3004 1043 3088 totius,
1062 3026 1137 3097 quae

231 3125 295 3184 mae
332 3119 465 3193 panes,
494 3124 562 3196 quo
594 3097 733 3194 ,singulae
766 3101 871 3171 modo
903 3098 963 3172 sint
981 3098 998 3185 ,'
1035 3117 1140 3192 utque

233 3211 351 3279 entur,
377 3200 560 3290 expediam.
597 3193 733 3266 Deinde
757 3194 866 3269 rursus
888 3217 973 3270 oras‘
985 3196 1141 3268 omnium

232 3309 332 3368 uota,
356 3317 392 3368 ut
416 3293 499 3370 imri
520 3308 679 3381 extraque
702 3289 796 3371 suut,
821 3311 918 3387 atquc
939 3308 977 3368 ut
998 3316 1036 3363 ea
1057 3289 1142 3363 subit

232 3390 392 3465 ircumluit
417 3394 584 3486 pelagum
600 3387 716 3459 additis
743 3411 817 3485 quae
839 3390 873 3459 in
894 3407 1009 3479 natura
1029 3387 1142 3482 tegio-

254 3487 505 3585 incolarumque
530 3486 748 3557 memoranda
771 3481 866 3567 sunt,
885 3485 920 3570 id
945 3481 1044 3577 quid·
1059 3483 1143 3556 faci·

241 3579 315 3654 sciti
337 3587 434 3682 pouit
465 3603 563 3683 atque
595 3579 729 3672 accipi,
762 3581 865 3674 paulo·
891 3581 987 3695 alcius
1019 3579 1147 3654 summa

235 3695 328 3756 [etur.
