2859 4709
255 408 326 481 300
463 357 1055 463 IuAuntPnn-su
1185 392 1190 432 l
1293 350 1295 445 f

297 508 468 582 ‘Parnassus
492 535 588 582 mons
611 512 656 583 est
685 515 718 583 in
747 512 910 597 Phocide,
933 513 990 584 ubi
1015 503 1083 595 'erat
1109 509 1251 607 Delphi·

148 641 150 650 *
253 629 331 675 cunt
359 608 550 678 oraculum:
577 609 674 679 habet
692 612 776 681 duos
797 611 955 691 vertices,
974 607 1254 688 Thitoraeum‚&

252 699 523 794 Hexampaeum:
550 705 689 777 alterum
704 700 834 776 Baccho
857 705 1001 790 sactum,
1019 703 1154 778 Phoebo
1177 707 1253 778 alte-

253 821 354 880 rum,
384 806 472 871 unde
501 802 613 892 biceps
643 803 784 873 dicitur:
817 803 901 872 inter
929 803 990 876 hos
1015 802 1164 875 ¹'vertices
1201 826 1251 872 re·

254 896 378 984 quievit
403 923 445 968 ex
469 897 594 969 diluvio
604 899 821 971 Deucalionis
843 921 934 980 arca,
955 902 1043 972 unde
1065 921 1161 971 antea
1179 901 1253 970 Pat-

253 990 357 1063 nnslus
381 993 635 1076 dicebatur‚‘ab
654 1020 750 1078 arca,
775 1019 849 1081 quae
863 1017 972 1088 grace
995 997 1108 1088 λαρνιξ
1129 1020 1255 1068 nuncu·

253 1109 356 1178 patnr.
383 1090 530 1162 Helicon
557 1113 653 1162 mons
671 1091 766 1163 estin
786 1090 918 1163 Boeotia
934 1092 1032 1165 musis
1051 1092 1153 1169 sacer.
1185 1094 1255 1165 Nec

253 1188 289 1256 in
311 1188 436 1281 bicipiti
455 1186 627 1283 semitiaffe.
656 1188 756 1260 Laut.
783 1187 880 1260 Valla
902 1189 938 1258 in
952 1185 1178 1275 Raudensemt
1202 1189 1255 1260 utl-

254 1300 343 1355 notat
373 1307 438 1352 nnn
465 1285 554 1355 redle
589 1284 652 1354 dici
686 1281 797 1377 polle:
828 1283 957 1356 memini
983 1284 1173 1372 somniare:
1205 1283 1255 1356 sed

243 1377 432 1471 somnioffes
456 1402 531 1449 nam
557 1405 634 1453 curn
659 1380 739 1454 dixit
763 1377 865 1474 Virg²
898 1381 1102 1453 muninime
1123 1382 1257 1455 tondete

244 1477 354 1564 soles,
375 1476 427 1545 hic
451 1475 608 1569 (inquit)
635 1476 746 1550 versus
772 1478 881 1569 magis
905 1477 1070 1548 licentiam
1090 1475 1257 1568 poie'tiean't

254 1571 414 1650 ollendit,
446 1597 510 1665 qua
533 1597 600 1668 ego
621 1595 688 1643 non
702 1594 849 1654 uterer,
879 1573 1048 1646 dumtaxat
1072 1573 1108 1644 in
1133 1570 1256 1666 prola,

253 1671 401 1740 dicerem
425 1671 514 1741 enim
540 1669 605 1741 stc:
631 1672 758 1743 memini
780 1694 828 1740 mt
852 1688 983 1764 puerunt
1008 1670 1139 1741 condidi
1164 1695 1182 1741 e
1194 1668 1255 1757 sn·

253 1766 299 1837 les
315 1795 328 1834 .·
354 1785 409 1839 aut
434 1783 502 1838 caet.
530 1791 597 1861 ego
622 1766 723 1838 assero
751 1789 858 1837 errare
883 1787 998 1836 omnes
1022 1766 1257 1858 grammaticos

254 1865 396 1938 Gtaecos
410 1861 593 1936 &Latinos
619 1888 696 1933 cnm
716 1861 811 1934 verbi
835 1860 950 1931 infiniti
970 1861 1083 1954 (quod
1102 1860 1167 1955 ipsi
1180 1886 1256 1957 per·

253 1984 367 2052 petum
392 1981 509 2031 vocant
533 1957 728 2048 infinitivum
752 1959 902 2048 modum)
934 1957 1138 2052 distinguunt
1168 1979 1258 2029 tem-

252 2081 346 2149 pora.
384 2062 543 2129 lldinetvu
563 2053 669 2125 notlra
692 2054 858 2127 inlinitum
882 2051 1020 2124 verbum
1044 2070 1143 2125 vocat
1167 2055 1257 2148 quod

254 2177 315 2223 nec
344 2173 513 2244 tempora,
542 2156 602 2222 ne'c
636 2151 818 2245 personas,
842 2173 901 2220 nec
932 2173 1090 2222 numeros
1123 2151 1258 2237 difinit,

255 2274 353 2340 quarn
380 2251 464 2319 vide
871 2258 873 2265 '
1144 2258 1146 2263 ’

302 2344 438 2434 Artifex
456 2347 549 2441 sequi
569 2346 702 2437 voces.)
729 2345 841 2416 Anxie
863 2359 1060 2437 torquentur
1076 2345 1259 2418 Gramma·

253 2441 335 2517 tici,
364 2467 440 2512 cunt
473 2444 656 2524 inculcant,
684 2461 765 2533 quot
789 2442 896 2513 modis
921 2441 1162 2512 determinetur
1185 2439 1258 2510 infi-

254 2538 395 2608 nitivus:
423 2541 488 2611 Sed
510 2539 589 2610 nihil
616 2539 801 2627 explicant:
835 2534 999 2608 infinitum
1034 2535 1165 2627 semper
1194 2557 1257 2628 pto

254 2637 389 2705 nurnine
417 2639 570 2728 ponitur,
598 2656 634 2708 ut
670 2637 732 2705 late
765 2632 902 2724 disputat
930 2637 1120 2714 Minerva,
1149 2632 1205 2704 lib.
1227 2654 1258 2723 3.

255 2752 321 2825 cop.
339 2735 371 2805 6.
399 2759 505 2827 neque
530 2735 649 2827 Gtaeca
676 2731 721 2800 est
748 2732 901 2809 locutio,
929 2749 1051 2825 tempus
1078 2725 1121 2822 est
1149 2731 1259 2800 abitt:

255 2829 291 2899 de
317 2826 437 2914 artifex
455 2830 550 2923 sequi
573 2850 685 2906 voces,
708 2823 763 2896 sed
784 2827 917 2921 propria
945 2824 982 2898 ἃ
1004 2827 1211 2919 pervulgata.

266 2962 268 2967 ·
301 2925 372 3019 lpse
386 2924 638 3021 semipaganu't.)
667 2925 789 3017 Pagani
803 2925 957 2992 dicuntur
977 2922 993 2992 ‘a
1010 2945 1096 3018 pago
1107 2921 1121 3002 ‚¹
1140 2924 1179 2996 ὃ(
1199 2947 1259 3015 pa·

255 3044 317 3114 gus
347 3018 363 3088 l
391 3041 495 3116 page,
520 3021 615 3092 idest
637 3017 837 3098 fonte,sunt
856 3021 912 3111 qui
935 3023 1021 3090 circa
1045 3019 1177 3089 fontem
1197 3022 1263 3091 ha·

254 3116 380 3194 bilant,
400 3119 433 3184 in
454 3121 567 3188 militia
590 3143 670 3187 vero
695 3118 815 3210 pagani
836 3115 1080 3211 distinguuntur
1105 3141 1123 3186 a
1144 3117 1259 3187 militi·

254 3211 341 3288 bns,
361 3214 437 3305 quia
465 3239 532 3285 non
557 3212 626 3285 lunt
656 3216 869 3285 Sacramento
893 3214 1023 3293 adath,
1047 3231 1084 3283 ut
1109 3213 1259 3283 milites:

254 3307 384 3405 potsunt
409 3307 498 3382 abite
526 3336 603 3385 cum
627 3310 814 3392 voluerint,
839 3332 900 3379 nec
926 3309 1083 3400 stipendia
1107 3328 1261 3391 metent,

253 3408 342 3481 unde
364 3411 450 3496 apud
467 3406 643 3504 theologos
662 3408 788 3476 nnllros
805 3407 927 3501 pagani
950 3409 1104 3477 dicuntur
1123 3429 1260 3490 omnes,

255 3507 311 3598 qui
335 3503 392 3574 sub
422 3505 544 3579 Christi
569 3504 691 3574 vexillo
716 3529 785 3572 non
805 3503 952 3572 militant.
1269 3538 1271 3543 ·

266 3601 488 3696 -Pegnseittm
513 3598 653 3690 melos.)
687 3601 832 3690 Quoties
865 3598 1041 3671 Homerus
1079 3597 1153 3671 vult
1185 3622 1260 3690 pto·

254 3701 377 3771 ducere
405 3698 555 3772 votalem
581 3699 750 3777 brevem,
783 3698 926 3788 duplicat
952 3695 1197 3778 continuantes,
1226 3711 1260 3765 ut

194 3834 196 3839 ·
254 3796 404 3868 Achilles
430 3822 492 3888 pro
519 3795 663 3867 Achiles.
707 3795 762 3864 Sic
783 3795 892 3865 Latini
910 3790 1085 3883 aliquando
1111 3788 1259 3864 scribunt

253 3896 413 3987 reppetit,
433 3917 588 3991 aggero,
607 3882 748 3984 ttffetd,
773 3891 904 3971 rettuli,
921 3891 1091 3971 rellatum,
1108 3891 1260 3986 relligio,

254 3986 297 4058 stc
314 3990 367 4059 hic
388 3987 490 4065 scribe
503 3990 614 4065 mellus
636 3985 761 4081 duplici
783 3987 814 4057 ll.
836 4010 905 4058 non
925 3985 1048 4087 nitar,
1065 4002 1103 4059 ut
1119 3984 1260 4157 digutat

233 4084 447 4171 ,llolitianust
901 4084 903 4088 ’
951 4090 955 4103 ’
1211 4105 1262 4154 cu-
