2859 4709
233 397 304 491 258
443 393 1018 465 Aunornrrours

281 519 324 604 ib.
342 516 374 591 6.
402 513 533 612 Quique
552 541 665 589 rrouem
691 515 846 608 novies.)
871 514 926 584 Sic
949 512 1150 608 legendum,
1176 527 1251 580 uon

235 638 395 713 quemque.
436 615 516 686 Huc
537 614 602 685 ell:
629 617 673 684 Et
696 613 798 684 finem
819 613 896 686 vitae
915 611 1031 693 nostrae¹
1046 653 1058 691 ,
1076 611 1132 704 qui
1153 622 1249 677 tenet

235 714 350 784 ultima
379 709 459 793 fati,
483 714 527 780 iu
543 734 686 782 numero
718 735 842 782 novem
867 707 1005 785 novies,
1030 709 1065 778 id
1089 704 1165 781 etl,
1189 707 1250 779 81.

238 807 442 883 Censorinus
457 808 495 878 dr
519 806 569 878 die
584 808 687 878 natali
708 804 750 877 s1c
773 806 834 878 ait:
860 803 1029 896 Quadrati
1043 802 1171 875 numeri
1188 820 1251 897 pu-

237 905 393 996 teoriffinu'
415 909 578 976 dicuutur.
625 905 718 974 Plato
739 906 897 997 quadrato
920 925 1062 972 numero
1084 920 1251 972 annorum

238 1005 340 1074 uitam
355 999 532 1072 humanam
548 998 732 1071 consumari
757 1001 908 1092 putavit,
920 1016 956 1066 ut
974 1001 1178 1077 novenario,
1192 995 1248 1087 qui

239 1099 388 1188 complet
414 1123 486 1169 ann.
503 1101 559 1172 81.
594 1097 628 1165 in
654 1096 742 1183 Psal.
769 1098 852 1170 Dies
882 1118 1040 1167 annorum
1068 1090 1248 1190 ntissrorum

179 1202 182 1207 ’
226 1174 277 1268 ‘iu
302 1191 377 1289 ipfis
393 1193 613 1288 septuaginta.

235 1296 239 1303 ’
288 1293 331 1377 li·
341 1313 372 1382 7.
383 1292 465 1363 Tres
479 1292 551 1386 Ope
565 1288 727 1386 progeniti
734 1288 878 1382 fratres.
901 1291 997 1380 Ops,
1014 1311 1088 1384 qua
1105 1287 1250 1362 &Rhea

240 1405 307 1461 tres
325 1389 451 1477 peperit
469 1387 574 1466 filios,
598 1390 741 1469 lovem,
766 1389 988 1479 Neptunum,
1005 1385 1041 1459 ὅ(
1059 1386 1248 1460 Plutonem.

290 1484 373 1554 Tres
394 1484 506 1554 ordine
522 1487 646 1557 Parca.
688 1483 826 1557 Aristot.
854 1487 895 1557 de
920 1486 1059 1556 muudus
1085 1503 1155 1554 tres
1180 1481 1249 1556 sunt

241 1582 355 1653 Parcae
384 1580 477 1676 juxta
506 1581 565 1651 tria
596 1600 747 1672 tempora
773 1577 910 1661 divisae:
940 1604 1081 1675 quarum
1113 1579 1252 1653 uliares

241 1675 437 1755 trausaslam
464 1679 524 1749 alia
547 1678 694 1756 suturas,
720 1677 776 1749 seu
796 1696 969 1758 venturas,
995 1678 1055 1749 alia
1077 1676 1250 1770 praesentes

243 1773 413 1868 fignificat.
457 1777 550 1847 Nam
576 1799 639 1847 una
665 1777 841 1845 Parcarum
859 1777 1008 1865 Atropos
1035 1775 1174 1859 nornine
1198 1797 1250 1847 res

243 1871 422 1962 praeteritas
446 1873 607 1964 expectat.
635 1869 713 1946 uide
733 1872 878 1943 Lasiam.
905 1873 997 1962 Quia
1022 1896 1100 1967 quae¹
1115 1889 1251 1965 prater-

244 1971 359 2040 ierunt-
377 1967 463 2042 nulla
495 1969 621 2040 ratione
652 1967 782 2061 possunt
805 1969 974 2046 converti,
998 1990 1053 2041 aut
1078 1970 1249 2040 revocaris

245 2065 325 2137 Alia
347 2089 420 2156 quae
446 2064 548 2143 suturi
569 2068 684 2137 curam
712 2064 821 2137 sortita
842 2065 900 2137 esl
930 2064 1081 2138 Lachesis
1107 2066 1250 2136 dicitur:

246 2163 404 2254 quoniam
431 2164 489 2254 qui
515 2186 626 2234 rerum
649 2162 847 2233 naturalium
876 2161 923 2232 est
947 2181 1106 2243 eventus,
1131 2159 1253 2231 stabilis

247 2258 304 2329 est.
343 2261 389 2331 At
405 2260 507 2333 Cloto
523 2259 690 2349 praesentia
710 2257 855 2350 perficit,
877 2260 998 2349 illaque
1020 2257 1155 2330 absolvit
1177 2281 1278 2349 quae»

246 2351 320 2427 sunt
348 2355 397 2425 sui
431 2357 588 2443 muneris.
638 2358 747 2445 Parce
773 2373 916 2445 autern,
942 2374 980 2425 ut
1003 2359 1047 2429 ait
1075 2352 1255 2435 Varro,ir

245 2468 344 2546 partu
359 2449 616 2531 dicuntur„non
631 2438 669 2525 ds
692 2454 814 2547 vulgus
828 2453 1137 2546 Grammaticorum
1163 2450 1253 2523 som·

248 2550 316 2619 niat
342 2544 558 2644 iparceudo,
585 2549 660 2642 quia
684 2552 809 2620 nemini
834 2566 972 2641 parcunt
995 2573 1054 2640 per
1079 2548 1252 2642 antiphra-

248 2643 333 2727 fim,
348 2670 424 2739 quae
437 2646 595 2738 nusquam
619 2644 672 2716 est.
708 2648 766 2719 De
786 2648 894 2718 Parcis
918 2645 971 2716 hic
995 2642 1175 2718 versiculus
1193 2647 1253 2716 cir-

250 2740 452 2813 cumfertur:
470 2747 561 2817 Claro
575 2744 677 2814 colum
690 2743 835 2838 bajulat,
849 2739 999 2835 Laclefis
1010 2763 1082 2823 net,
1094 2743 1136 2818 dt'
1148 2748 1256 2814 Arra·

244 2855 308 2932 pos
333 2862 433 2909 occat.
475 2840 600 2911 Aulon.
629 2839 712 2912 infra
736 2857 831 2911 vocat
859 2843 974 2910 Parcas
999 2842 1065 2910 cria
1090 2841 1182 2914 Fata

300 2935 342 3019 ill.
356 2938 388 3008 8.
405 2939 501 3008 Serus
522 2937 709 3023 muliebre.)
735 2939 834 3008 Secus
855 2960 916 3025 pro
928 2935 1029 3022 sexus
1045 2936 1158 3006 dixere
1173 2935 1258 3006 anti·

251 3034 320 3124 qui.
359 3033 676 3122 Quemadmodum,
695 3033 816 3124 inquit,
834 3031 904 3103 sunt
925 3033 1038 3104 fratres
1059 3034 1138 3122 Ope
1153 3019 1257 3128 geniti

251 3144 342 3211 tres,
366 3129 410 3201 lta
440 3148 504 3200 tres
528 3131 678 3201 foeminae
706 3131 803 3201 Deae.
847 3131 904 3202 De
919 3128 1046 3217 sescus,
1072 3152 1136 3219 pro
1157 3128 1257 3217 sexus

252 3224 380 3311 Charis.
403 3226 439 3298 ὅ(
465 3228 556 3296 Non.
1173 3232 1176 3237 ’

303 3324 344 3407 p,
355 3344 388 3416 9.
416 3320 823 3413 Trisulcasuuisfulmina.
849 3323 939 3414 Quia
952 3323 1079 3393 fulmen
1096 3318 1259 3402 terebrat,

253 3410 440 3502 scindit,&
466 3422 539 3492 urit.
567 3420 641 3490 vide
659 3422 772 3491 Senec.
800 3421 833 3490 iu
858 3417 1017 3518 quaefliau.
1036 3419 1262 3493 naturalibus,

253 3514 310 3586 lib.
324 3537 356 3592 2.
382 3535 449 3613 cap.
461 3538 517 3611 39.
545 3517 586 3591 (7
606 3536 662 3609 40.
690 3519 767 3588 vide
788 3519 872 3590 Plin.
890 3518 926 3591 &
945 3515 1090 3610 figuram
1113 3513 1262 3589 fulminis

253 3611 311 3684 lib.¹
321 3635 354 3690 2.
381 3612 525 3700 siccum,
547 3612 746 3697 humidum,
770 3616 905 3688 clatum.

228 3749 233 3754 ·
303 3709 474 3786 Cerberus
498 3712 674 3803 assignatur
704 3712 837 3784 Plutoni
871 3711 1158 3808 quemadmodum
1184 3704 1264 3791 Jovi

254 3803 382 3879 fulmen
397 3807 611 3904 &Neptuno
635 3807 776 3890 tridens,
803 3808 840 3884 ὅ(
863 3806 1034 3884 Cerberus
1051 3809 1173 3903 triceps
1194 3802 1265 3883 ests

253 3927 328 3994 quae
355 3901 427 3975 sunt
451 3924 516 3978 tres
541 3903 744 3977 neceffitates
777 3908 927 3992 edendi,
953 3906 1116 3989 bibendi,
1145 3901 1263 3975 somni.

253 4001 342 4071 unde
362 3996 515 4079 homines
534 4016 716 4078 BPOT01
736 4003 913 4095 dicuntur,
932 4005 987 4085 vel
1005 4004 1124 4078 dicitur
1144 4000 1265 4173 triglex

1210 4116 1266 4169 et·¹
