2859 4709
588 397 657 450 tu
713 379 882 453 Iuru.
1162 404 1232 479 213

238 509 354 601 Atque
378 506 501 602 aliquid
525 507 623 582 facias
647 509 664 581 ’a
688 510 821 601 vespere
849 511 933 584 Solis
958 510 991 580 in
1016 527 1125 595 ortus,

292 606 363 677 Cur
388 609 548 678 externati
571 604 678 678 rursus
700 631 838 703 agantur
865 611 950 701 equi.

239 701 347 772 Foeda
376 704 555 798 Lycaoniae
583 723 712 794 repetes
738 706 889 776 convivia
916 703 1059 785 mensa,

288 798 515 893 Tentabisque
538 806 659 872 iterum
686 799 798 872 fallere
818 801 935 874 fraude
963 803 1097 882 Jovem.

239 895 363 983 Teque
387 898 504 987 aliquis
530 896 635 988 posito
660 915 761 968 tentet
788 900 855 967 vim
879 899 1045 983 numinis,
1063 914 1179 990 opto,

191 1015 194 1019 ·
290 992 480 1065 Tantalides
504 1010 540 1063 tu
565 992 623 1076 sis,
647 993 671 1042 ‘l‘
695 1015 732 1065 tu
754 995 924 1087 Tereique
949 1018 1043 1086 poen

239 1090 284 1160 Et
313 1100 370 1159 tua
398 1087 440 1160 sic
468 1090 548 1161 latos
575 1088 764 1183 spargantur
787 1092 935 1163 membra
950 1116 1018 1181 =per
1043 1114 1164 1184 agros,

285 1185 463 1279 Tanquam
490 1210 563 1277 quae
588 1184 700 1278 patrias
733 1188 902 1260 detinuere
924 1189 1002 1259 vias.

150 1282 158 1299 '
241 1282 322 1357 AEre
349 1282 500 1353 Perillaeo
527 1308 624 1355 veros
647 1285 779 1354 imitere
804 1284 982 1376 juvencos,

290 1378 346 1450 Ad
373 1380 517 1449 sormam
543 1383 624 1451 tauri
649 1380 867 1451 conveniente
892 1380 980 1453 sonu.

239 1474 354 1565 thue
377 1474 473 1547 ferox
495 1476 668 1565 ‚Phasarin
692 1478 805 1569 lingua
835 1479 927 1569 prius
951 1477 1025 1550 ense
1049 1480 1195 1569 resedisti·

288 1573 391 1643 More
411 1570 507 1645 bovis
529 1574 654 1664 Paphio
683 1574 808 1645 clausus
834 1577 867 1644 in
893 1598 957 1646 aere
982 1599 1105 1669 gemas.

238 1667 406 1760 Dumque
430 1670 534 1740 redire
558 1671 653 1742 voles
681 1673 742 1743 avi
768 1672 912 1742 melioris
936 1672 969 1741 in
993 1697 1116 1758 annos,

292 1763 339 1833 Ut
365 1784 455 1836 vetus
478 1767 615 1837 Admeti
644 1767 807 1856 decipiare
833 1766 930 1838 socer.

242 1861 358 1952 Atque
382 1886 482 1955 eques
508 1864 543 1931 in
567 1862 667 1933 medii
692 1887 845 1957 mergare
870 1865 1029 1955 voragine
1054 1866 1168 1954 coeni,

292 1958 495 2029 Dummodo
519 1956 579 2028 sutt
603 1958 661 2030 fati
688 1986 821 2030 nomina
846 1959 932 2031 nulla
957 1961 1016 2031 tui.

242 2056 358 2146 Atque
385 2057 509 2139 utinam
535 2081 672 2147 pereas„
695 2057 796 2132 veluti
822 2059 863 2126 de
887 2055 1038 2128 dentibus
1063 2058 1128 2130 orti

292 2154 426 2222 Sidonia
449 2149 540 2243 jaula
569 2153 672 2228 Graia
697 2178 755 2244 per
778 2178 853 2223 arva
883 2176 994 2224 manu.

242 2247 287 2317 Et
315 2272 389 2342 quar
416 2248 578 2320 Battiades
602 2249 701 2331 fecit,
725 2250 887 2341 fraterque
915 2245 1094 2336 Medusae,

290 2345 452 2415 Eveniant
477 2346 574 2436 capiti
602 2365 678 2418 vota
706 2346 825 2416 siuillra
852 2366 925 2416 tuo.

242 2439 286 2510 Et
315 2439 437 2533 quibus
466 2444 589 2536 exiguo
613 2445 658 2512 ell
683 2444 824 2514 volucris
852 2445 971 2515 devota
998 2441 1131 2531 libello,

294 2538 445 2630 Corpora
471 2540 615 2629 projedla
639 2565 712 2631 quae
738 2538 790 2611 sua
814 2561 932 2631 purgat
958 2563 1050 2631 aqua.

242 2631 394 2707 Vulnera
422 2632 539 2727 totque
559 2634 661 2715 ferm,
685 2656 767 2729 quot
801 2636 919 2707 dicitur
943 2635 997 2703 ille
1022 2632 1145 2712 tulisse,

292 2729 401 2822 Cujus
423 2730 464 2803 ab
489 2731 614 2801 inseriis
641 2735 749 2804 cultor
775 2730 879 2803 abelse
905 2730 997 2800 solet.

243 2824 481 2919 Attonitusque
505 2828 615 2909 seces,
638 2851 673 2901 ut
701 2853 784 2921 quas
809 2828 971 2921 Cybeleia
996 2841 1098 2895 mater

294 2923 412 2994 Incitat
436 2925 477 2993 ad
502 2924 666 3021 Phrygios
689 2928 767 2994 vilia
795 2924 942 2994 membra
969 2927 1099 2993 modos.

241 3019 372 3111 Deque
392 3021 466 3091 viro
489 3021 568 3103 fias,
594 3047 655 3093 nec
680 3019 843 3102 foemina,
869 3046 930 3090 nec
952 3022 1023 3105 vir,
1043 3038 1079 3090 ut
1107 3023 1217 3117 Atys,

296 3117 340 3185 Et
366 3118 488 3208 quatias
509 3117 602 3188 molli
627 3140 780 3213 tympana
803 3142 899 3190 rauca
921 3142 1029 3191 manu.

239 3214 353 3303 {nque
378 3239 479 3306 pecus
504 3239 633 3309 magnae
659 3213 764 3288 subito
793 3233 920 3284 vertare
949 3216 1114 3305 parentis,

291 3309 480 3382 Vtuntur
506 3311 552 3381 est
581 3312 722 3395 sceleri,
744 3314 896 3401 viblaque
922 3310 1010 3381 versa
1038 3313 1132 3401 pede.
1161 3322 1164 3327 '

242 3408 390 3498 Solaque
415 3409 558 3480 Limone
585 3433 719 3498 poenam
746 3433 787 3477 ne
815 3407 945 3478 senserit
968 3410 1085 3490 illam,

292 3505 336 3573 Et
363 3525 418 3578 tua
444 3508 540 3575 dente
566 3505 637 3576 sero
667 3504 788 3576 viscera
816 3523 924 3593 carpat
950 3529 1064 3596 equus.

245 3598 316 3673 Aut
343 3622 381 3673 ut
411 3599 592 3675 Cassandrae
617 3603 794 3681 dominus,
818 3625 885 3670 non
911 3602 1023 3672 mitior
1050 3600 1128 3682 illo,

295 3699 431 3770 Saucius
454 3697 575 3794 ingesta
600 3699 836 3770 contumuleris
859 3697 976 3769 humo.
1090 3740 1093 3745 -

244 3791 317 3865 Aut
343 3815 381 3868 ut
409 3793 631 3874 Abantiades,
658 3814 712 3866 aut
741 3806 777 3864 ut
802 3790 967 3864 Lirnesrus
992 3789 1111 3873 herm,

206 3960 215 3969 .
293 3888 410 3983 Caesus
433 3895 468 3969 in
494 3915 662 3990 equoreas
689 3888 901 4062 prapipiteris
925 3910 1036 3984 aquas.
1135 3981 1246 4062 Va

825 4004 846 4078 3
1134 4056 1140 4076 ·.
1175 4011 1185 4057 t
1219 4009 1246 4068 ιε
