2859 4709
466 459 532 513 1n
582 441 968 514 Nornrcrnl
1145 461 1217 541 439

203 560 323 663 Hujus
348 570 530 643 meminere
560 569 761 660 Apollonius
792 571 847 641 lib.
864 592 899 647 z.
927 578 1057 666 Argon.
1083 566 1119 644 &
1144 576 1219 646 Or·

206 665 314 756 pheus
343 669 378 740 in
405 675 537 764 Argon.
581 668 658 743 Vol.
685 668 822 738 Flaccus
848 668 881 738 in
905 675 1033 762 Argon.
1075 669 1220 746 Ovidius

207 763 244 838 io
268 764 355 835 Ibin.

256 859 388 956 Quique
413 863 633 958 Lycurgidem
659 861 836 932 laceravit:
861 858 902 934 θ
926 860 1040 931 arbore
1063 882 1196 932 notum:

305 952 503 1054 Idmonaque
525 961 681 1030 audacem
706 978 737 1028 te
760 982 880 1053 quoque
901 979 1030 1054 rumpat
1055 978 1143 1054 oper.

206 1037 333 1220 {Aaron
359 1079 473 1128 aurem
497 1056 602 1127 didius
628 1053 674 1124 est
700 1053 718 1124 'a
744 1057 862 1147 peritia
885 1057 1094 1127 vaticinandi.
1148 1058 1223 1128 Au·

225 1176 332 1224 onius.

255 1247 390 1322 ldmona
414 1252 501 1344 quod
520 1270 649 1323 votem:
675 1249 829 1322 medicum
851 1253 935 1344 quod
954 1246 1071 1342 Lofido
1090 1249 1224 1322 dicum:

305 1347 486 1436 Discendos
511 1370 597 1418 artes
619 1353 747 1419 nomino
771 1351 985 1443 proveniunt.

207 1442 347 1518 Plenum
376 1463 512 1542 parente
550 1463 648 1517 vocat
678 1446 845 1523 ldmona,
874 1447 949 1538 quia
975 1442 1061 1516 filius
1087 1445 1225 1538 Apolli-

208 1544 260 1614 nis
285 1542 362 1614 fuit.

259 1641 302 1726 iil.
321 1659 403 1730 233.
430 1637 703 1737 Ampycidemque
723 1638 848 1733 pium.)
874 1641 930 1710 De
954 1637 1081 1729 Mopso
1109 1641 1222 1735 loqui-

208 1751 291 1814 tur,
322 1737 379 1829 qui
411 1737 557 1832 Ampyci
585 1735 621 1808 ἃ
648 1735 831 1812 Chloridos
857 1735 944 1808 filius
968 1734 1053 1816 fuit,
1083 1741 1124 1808 de
1152 1761 1244 1830 quo.

209 1833 315 1906 Ovid.
348 1832 402 1904 lib.
419 1853 476 1909 12.
503 1840 640 1904 Memor.

309 1930 383 2003 Nec
408 1948 444 2000 to
471 1928 645 2002 credideris
669 1947 794 2000 tontum
818 1926 960 2020 cecirffle
976 1928 1105 2019 futuro.

259 2026 472 2124 Ampycidrm
505 2026 669 2124 Mopsum.
709 2029 806 2117 Saepe
841 2047 977 2106 vocatur
1010 2028 1220 2122 Ampycides

209 2121 253 2195 ab
282 2123 487 2214 Apollonio,
514 2123 568 2194 sed
594 2127 626 2195 in
653 2121 709 2192 tib.
727 2143 756 2194 1.
788 2122 963 2217 Titorcfius
989 2126 1078 2194 idem
1101 2103 1221 2195 diri-tur

212 2219 290 2389 qlryia
315 2221 492 2318 Ampycus
523 2220 701 2292 Titaronis.
726 2217 814 2292 filius
839 2220 901 2293 fuit
924 2241 938 2307 3
971 2240 1008 2292 ut
1030 2220 1073 2294 ait
1098 2217 1223 2316 Lyco-

262 2340 335 2386 ron.

212 2343 235 2413 P
263 2411 301 2486 V
298 2414 363 2484 enit
381 2413 422 2488 (θ’
436 2416 496 2486 huc
508 2415 643 2510 Mopsus
659 2412 858 2508 Titaresios,
875 2438 964 2510 quem
975 2412 1074 2508 super
1090 2437 1198 2485 omnes

263 2512 421 2583 Latoidos
442 2512 551 2582 docuit
575 2531 633 2606 per
654 2516 808 2609 praepetis
832 2516 935 2581 omino
954 2533 1074 2604 penna.

211 2606 284 2678 Hic
311 2610 529 2700 interemptus
550 2608 612 2679 fuit
637 2606 654 2679 {t
681 2613 823 2680 dracone
848 2611 880 2677 in
903 2607 1007 2677 arenis
1033 2607 1150 2702 Libyae
1179 2607 1225 2678 Ia·

213 2723 324 2785 rente,
348 2711 387 2777 ut
413 2707 514 2775 refert
537 2707 572 2776 in
590 2726 624 2798 4.
658 2703 866 2798 Apollonius.
915 2706 1011 2774 Alius
1034 2701 1097 2772 fuit
1117 2705 1224 2796 Mop-

212 2799 287 2876 sus,
317 2801 354 2874 ἃ
382 2804 472 2872 idem
496 2802 598 2875 Vates
621 2804 693 2896 post
723 2805 848 2873 belluni
875 2803 1085 2882 Troianum,
1113 2804 1225 2892 Apol-

211 2897 286 2968 linis
322 2898 399 2968 five‘
417 2897 508 2971 Ratii
535 2900 570 2970 ὅζ
596 2899 736 2972 Manios
755 2899 894 2971 Tiresrae
927 2898 1002 2969 fiiiae
1029 2897 1141 2979 fitius,
1168 2897 1225 2992 qui

213 3019 294 3065 cum
323 2996 528 3079 Chalchante
552 2999 593 3066 de
617 3001 731 3088 peritia
756 2999 919 3071 divinandi
944 2995 1155 3066 concertavit.

261 3111 344 3185 235.
373 3093 467 3183 Quid
501 3114 562 3172 rc,
594 3097 644 3164 crrr'
674 3097 800 3166 volucr.
827 3096 1033 3187 Menmpu.)
1075 3094 1127 3162 Ex
1160 3092 1228 3162 Di·

213 3189 321 3283 dymo
348 3190 378 3258 in
405 3191 460 3260 lib.
485 3187 710 3287 Odyffi15.&
727 3216 770 3261 ex
788 3191 957 3279 Apollonii
983 3190 1111 3260 Rhodii
1132 3188 1226 3260 1th.

212 3285 366 3369 scholiis,
391 3284 486 3358 &ex
510 3287 686 3358 Theocriti
712 3291 969 3362 commentariis,
992 3288 1101 3356 iddio.
1116 3304 1147 3372 3.
1176 3285 1227 3356 fa-

212 3383 327 3452 boiam
345 3382 405 3452 tibi
422 3385 565 3476 lepidam
588 3385 807 3454 concinnabo.
845 3388 909 3455 Sed
929 3387 1018 3474 prius
1040 3385 1129 3454 unde
1147 3383 1228 3452 Me·

213 3479 343 3570 lampus
362 3482 489 3552 dicatur
503 3484 694 3551 dicendum.
728 3482 847 3570 Quum
869 3483 1019 3570 pueilum
1036 3498 1143 3550 mater
1166 3505 1227 3571 per

214 3599 532 3747 iss‘nd‘a‘n‘ss‘s
553 3575 1228 3763 {21Adrisit}diffisus&

781 3717 783 3719 ’
956 3717 967 3754 Ὶ

215 3771 374 3864 reliquit:
401 3773 461 3844 Sol
492 3791 604 3844 tamen
632 3773 728 3843 altius
758 3768 791 3842 se
822 3771 965 3843 evehens
994 3774 1097 3862 pedes
1132 3773 1229 3860 pueri

215 3870 324 3940 nudos
350 3868 433 3940 intra
464 3867 618 3943 umbram
643 3867 768 3960 positos
792 3868 1000 3964 denigravit,
1025 3868 1115 3940 unde
1147 3873 1228 3939 Me·

216 3965 341 4059 lampas
374 3964 421 4038 est
457 3969 578 4039 dicius.
619 3964 771 4039 Historia
811 3963 855 4037 sic
889 3965 997 4038 habet.
1037 3962 1231 4056 Melampus

217 4061 440 4159 Amythaonis
454 4063 541 4149 filius
559 4087 603 4140 ex
618 4065 796 4231 Βοτὶρὲε,
812 4087 918 4155 quum
939 4062 1114 4159 aliquando
1134 4084 1231 4170 pere-

769 4179 837 4259 ει)
1126 4180 1240 4275 grinn-
