2859 4709
204 481 215 507 .-
488 432 908 516 Snunnnml.
1097 448 1217 542 'm

205 637 213 652 Ι
246 542 322 630 Nec
352 561 495 658 pluteum
530 566 653 656 celin.)
686 568 796 662 Adag.
823 587 919 665 capus
939 566 1092 656 scabere,
1121 571 1199 643 vide

197 653 356 744 Quimili.
381 658 435 729 lib.
448 683 503 735 10.
532 689 557 733 c.
579 684 610 754 3.
643 692 651 701 ·

175 755 424 940 '‘ferelanlnres
448 761 561 831 radere
587 761 693 851 vero.)
721 759 829 856 Adag.
856 761 973 833 Oleum
999 758 1033 830 in
1058 759 1201 832 auricula

224 948 315 1058 'Per
335 971 383 1113 rae
411 948 555 1044 equidem
573 948 636 1052 fine
659 953 763 1024 omnia
787 954 934 1046 protinus
958 953 1064 1040 niba.)
1104 951 1202 1019 Adn-

223 1066 296 1116 eum
325 1068 344 1115 e
372 1097 381 1114 .

198 1066 223 1139 g
250 1145 294 1213 Er
310 1142 487 1235 genuinum
495 1141 602 1240 fregit
625 1147 659 1217 iu
673 1147 780 1235 illim)
804 1144 855 1214 alii
882 1144 1017 1237 legunt,
1034 1147 1068 1216 in
1080 1145 1205 1224 Aulis,

200 1240 293 1331 quod
317 1239 445 1325 placet,
469 1243 563 1335 adag.
600 1244 746 1316 Genuino
769 1245 920 1312 mordere.

250 1334 399 1415 Callidus
423 1337 589 1429 excuffoe)
616 1345 710 1432 adag.
751 1338 843 1426 Naso
861 1338 1064 1431 suspendere.

216 1455 284 1618 sp:
306 1451 388 1596 {73
415 1435 593 1505 Anniculus
624 1432 700 1527 nfini
714 1479 727 1518 ,
754 1437 850 1530 adag.
892 1435 1007 1508 Midas
1037 1431 1201 1506 auriculas
1271 1480 1276 1494 ·

202 1551 283 1596 aene
330 1549 411 1598 nee.

172 1626 177 1643 '
236 1624 448 1719 ‘Praegranli
472 1649 541 1694 cum
556 1625 632 1712 scene
658 1629 793 1721 palles.)
835 1629 978 1700 Nullum
998 1625 1138 1699 verbum
1155 1621 1203 1693 est

151 1728 155 1735 '
204 1721 622 1811 quantumvisablolutum
648 1726 817 1800 videatur,
840 1727 929 1817 quod
949 1750 1017 1795 non
1036 1725 1133 1815 poffit
1150 1746 1203 1792 re·

202 1839 289 1910 gere
307 1811 523 1888 accusativum
545 1818 692 1907 ejusdem
714 1819 975 1912 significationis,
997 1838 1034 1891 ut
1053 1820 1130 1890 vivo
1151 1819 1204 1889 vi·

203 1935 297 1995 eam,
324 1933 411 1983 cerro
436 1937 616 1995 certamen,
638 1914 692 2008 fio
707 1914 909 2012 sturionem,
937 1916 1062 1987 ambulo
1087 1914 1203 1985 anbu-

205 2011 379 2080 lationem:
413 2007 467 2080 led
495 2009 668 2102 aliquando
691 2014 892 2084 acculitivus
920 2013 975 2083 ilie
1001 2014 1138 2081 vertitur
1171 2012 1205 2078 in

206 2107 491 2198 metaphoricum,
515 2127 551 2177 ut
575 2111 682 2204 palleo
703 2131 948 2206 praeceptorem:
979 2108 1128 2203 Corydon
1151 2133 1207 2177 ar·

206 2203 299 2274 debut
331 2204 478 2274 Alexin:
503 2205 600 2276 nubes
633 2209 748 2300 pluant
775 2205 909 2303 justum:
934 2227 1021 2279 terra
1049 2206 1206 2300 germinet

199 2299 405 2387 salvatorem.

258 2399 350 2468 Unele
373 2401 571 2491 vaporata.)
597 2402 714 2471 melius
741 2400 880 2494 legitur,
908 2399 983 2472 inde
1008 2415 1178 2495 vaporata.

255 2495 292 2565 Si
316 2495 436 2592 Cynico
460 2495 622 2588 larbam.)
650 2501 760 2592 Adag.
797 2500 937 2568 Barbam
957 2499 1085 2568 vellere.

257 2691 722 2780 SECUNDAE
780 2693 1166 2778 SATYRAE

607 2881 816 2997 Euphrafis.

243 3057 246 3061 ’
315 3059 441 3134 Minuci
459 3063 632 3145 Macrine,
654 3064 741 3136 hinne
759 3066 850 3135 diem
865 3089 933 3157 quo
951 3062 1092 3136 natalem
1112 3079 1210 3134 tuum

330 3159 494 3240 celebras,
508 3162 542 3234 δι
557 3161 615 3231 tibi
643 3163 784 3233 labentes
807 3185 907 3232 annos
933 3165 1088 3232 candidus
1110 3181 1211 3249 appo·

213 3257 278 3334 nit,
297 3280 434 3327 numera
461 3259 591 3327 meliori
614 3259 858 3349 lapillo‚funde
884 3283 1013 3329 merum
1039 3256 1139 3349 genio
1159 3254 1213 3323 hi·

214 3353 311 3434 laris,
338 3353 509 3424 nonenim
529 3371 566 3425 tu
584 3355 687 3443 poscis
709 3356 809 3425 deum
834 3354 939 3426 emaci
956 3378 1054 3446 prece
1079 3376 1116 3420 ea
1140 3373 1214 3453 quae

213 3473 279 3521 non
308 3449 438 3542 poliunt
465 3452 631 3520 committi
661 3450 766 3533 divis,
788 3448 846 3518 nifi
875 3448 1055 3518 secretis&
1071 3445 1215 3518 seusium

215 3547 323 3618 duffls
342 3546 449 3636 palam
472 3550 558 3637 petis
583 3567 656 3636 quae
681 3570 760 3617 vere
780 3547 928 3634 petenda.
942 3546 1023 3617 lune.
1062 3543 1110 3611 At
1134 3545 1216 3612 Peo-

215 3667 332 3715 cerum
357 3643 498 3715 maxima
523 3666 595 3735 pars
625 3642 721 3710 tacite
756 3641 862 3712 libat:
898 3665 958 3708 nec
987 3640 1092 3727 palam
1119 3641 1217 3708 audet

216 3760 341 3828 petere.
397 3740 482 3808 Non
508 3737 642 3812 cuilibet
676 3756 868 3828 promptum
903 3734 948 3805 est
983 3757 1153 3804 murmura
1181 3732 1220 3806 &

218 3834 363 3907 humiles
393 3832 537 3907 susurros
563 3861 580 3904 a
607 3835 737 3926 templis
759 3834 948 3905 amandare:
976 3854 1037 3900 nec
1059 3829 1153 3899 facile
1173 3830 1220 3901 cst

220 3949 337 4021 aperto
362 3949 444 4004 voto
479 3933 612 4010 vivere,
643 3931 788 4004 clare&
819 3947 950 4019 aperte,
981 3923 1076 3997 &ut
1102 3929 1219 3996 audeat

205 4026 353 4123 ,hospes
409 4028 532 4118 Quivis
565 4025 608 4099 sic
640 4028 794 4121 loquatur
826 4048 904 4098 cum
934 4025 1040 4098 Deo:
1068 4021 1104 4113 fis
1138 4024 1221 4092 mihi

927 4141 930 4151 ·
1128 4141 1225 4190 meus
