2859 4709
514 355 915 458 Romana*
1015 396 1018 407 '
1137 404 1207 481 359

205 517 253 595 25
281 504 422 577 Securus
445 530 506 600 quo
522 512 650 605 sceptra
676 509 813 592 cadant,
834 508 886 580 cui
911 507 985 580 dira
1008 510 1168 585 minentur

280 599 401 694 Astra,
428 603 469 679 (T
482 603 656 700 scingninei
674 606 772 700 jubar
795 605 928 677 exitiale
951 629 1089 678 eometae.

278 700 359 769 Non
380 700 471 771 illum
486 699 625 798 fragilis
643 702 768 794 favor,
788 702 992 796 indocilisque
1016 705 1138 795 potenti

278 794 379 866 Plebs
392 797 528 884 servare
543 798 673 887 sidem,
701 797 842 870 ivellum
867 798 1076 892 popularibus
1099 802 1187 874 auris

282 889 400 977 Casuro
425 896 559 989 imponit
576 897 688 985 solio,
711 921 769 967 nec
798 901 887 966 ducit
916 897 1054 965 hiantem

207 1002 257 1076 30
284 990 360 1058 Huc
385 991 462 1060 illuc
486 1018 586 1065 varios
608 991 763 1087 ostentans
788 1012 935 1088 purpura
950 988 1069 1078 fasces.

280 1085 361 1156 Non
380 1109 514 1159 mentem
538 1110 634 1185 pavet
650 1091 712 1183 ipse
721 1088 835 1177 stram,
856 1112 913 1158 nec
934 1087 1075 1174 conscius
1093 1091 1210 1164 omneis

168 1218 172 1225 ·
280 1181 442 1253 Exhorret
455 1181 634 1280 strepitus,
664 1209 723 1258 nec
746 1186 838 1258 edaci
858 1184 990 1279 pellora
1013 1189 1110 1283 culpa

281 1279 435 1373 Carpitur
463 1279 609 1364 occulti,
636 1307 700 1352 non
726 1301 918 1377 opportunus
944 1280 1047 1377 iniqui

280 1374 410 1450 Iudicio
435 1380 552 1482 vulgi,
576 1401 632 1450 aut
657 1378 740 1467 celsa
766 1378 946 1472 corispellus
966 1380 1000 1451 in
1024 1406 1099 1455 arce

196 1480 254 1566 435
281 1474 447 1566 Degeneri
468 1496 555 1570 patet
582 1475 712 1548 inuidiae
738 1501 802 1546 non
827 1477 894 1569 ,ipse
917 1474 1043 1565 victffim

283 1570 423 1663 Obliquo
449 1574 551 1642 livore
577 1596 704 1655 macer,
723 1572 876 1665 satusque
897 1595 1019 1643 veneno
1097 1604 1102 1609 ·

249 1737 252 1741 .
275 1662 431 1756 Effluet,
457 1689 552 1765 atque
579 1669 684 1740 aliena
707 1670 807 1752 oculis
829 1669 911 1739 bona
936 1669 1027 1740 limat
1049 1673 1164 1747 acutis.

286 1762 377 1832 Rure
396 1767 465 1857 agit
482 1768 516 1836 in
536 1791 662 1845 vacuo,
674 1765 851 1863 spatiisque
877 1765 1024 1858 indulget
1049 1774 1154 1862 aperti

284 1858 453 1940 AEtheris,
479 1884 535 1932 aut
562 1864 652 1958 operi
673 1862 843 1949 insudans,
868 1883 924 1931 aut
948 1862 1004 1930 ille
1016 1860 1153 1974 supinos

211 1970 261 2043 40
283 1957 434 2028 Evadens
459 1959 549 2046 cursu
570 1963 604 2028 in
625 1959 781 2037 mouteis,
805 1960 877 2029 hinc
891 1957 1015 2044 seilicet
1041 1987 1147 2033 omnes

284 2052 395 2124 Gratae
417 2057 539 2149 epulae,
561 2052 656 2127 nudis
679 2057 858 2129 Acheloum
883 2058 917 2126 in
938 2055 1053 2148 pocula
1073 2058 1190 2151 palmis

282 2147 458 2231 Advocat,
474 2153 659 2246 excussaque
680 2153 766 2222 cibos
791 2155 871 2222 dant
892 2151 1023 2222 brachia
1036 2151 1166 2248 sylva,

282 2248 325 2315 Et
341 2241 477 2338 sessa'in
498 2252 578 2320 duro
602 2269 799 2320 renovantur
826 2248 966 2318 membra
991 2250 1099 2322 cubili.

282 2345 400 2436 Major
425 2346 540 2440 quippe
559 2346 649 2419 venit
671 2348 822 2418 cantitata
845 2345 954 2416 labore
972 2347 1143 2441 uoluptas,

212 2454 258 2530 45
288 2443 362 2510 Nec
383 2440 490 2528 sarias
507 2448 686 2521 dominam,
703 2465 760 2513 aut
770 2438 908 2534 suflidia
926 2443 1013 2512 lenta
1024 2445 1214 2538 sequuntur.

285 2540 375 2629 Ergo
394 2563 491 2631 neque
510 2537 672 2628 imbrifero
697 2540 822 2632 pallens
841 2542 1029 2608 Atttumnus
1051 2543 1165 2619 hiatu,

283 2636 356 2704 Nec
380 2638 482 2703 malus
504 2639 586 2705 hunc
608 2632 691 2722 afflat
712 2635 834 2721 rabioso
860 2631 1096 2726 salmasio,

285 2730 422 2800 Sanane
448 2733 615 2827 Rhiphaeo
640 2729 831 2820 labesallant
849 2728 985 2824 frigora
1005 2731 1134 2805 brumae.

289 2825 416 2918 Quippe
428 2827 570 2922 hyemem
580 2832 739 2925 excipere,
749 2830 789 2903 (J
800 2847 936 2897 ventas:
951 2825 1078 2922 celique
1090 2831 1217 2903 ruinam

217 2919 264 3013 50'
289 2927 440 3002 Suetum,
454 2947 551 3019 atque
563 2926 734 3018 allipedenr
747 2949 803 2994 uec
817 2946 914 3019 opaco
930 2928 1052 2998 vertice
1068 2952 1217 3002 cancrum

286 3024 331 3090 Et
356 3021 438 3092 save
449 3022 511 3107 sub
526 3023 634 3117 gelido
655 3024 829 3092 nollurnoc
849 3038 978 3114 carpere
991 3021 1145 3110 somnos,

287 3121 331 3186 Et
349 3114 617 3210 pelecoucretas
640 3122 726 3188 nudo
744 3117 867 3187 calcare
882 3120 1036 3214 pruinas,

288 3217 332 3282 Et
348 3213 497 3306 perferre
510 3213 618 3309 fitim,
643 3213 683 3284 (9¹
694 3215 820 3306 jejunia
837 3213 961 3297 solvere
981 3215 1123 3309 glande,

286 3312 327 3380 Et
356 3308 464 3401 iasine
481 3312 574 3402 seras
600 3311 712 3395 cursu,
736 3307 942 3407 &superare
960 3331 1076 3385 natatu

216 3424 258 3500 55
288 3408 479 3479 Torrentem
494 3407 561 3488 ,(7
578 3407 702 3478 volueri
714 3403 824 3498 susam
843 3407 1058 3496 transmittere
1070 3408 1180 3495 saltu:

286 3507 329 3572 Et
354 3529 503 3598 quercum
528 3501 675 3589 annosam
694 3501 786 3591 serto
809 3505 979 3579 obturbare
998 3502 1138 3602 bipenni.

260 3659 262 3661 .
286 3599 368 3670 Tum
389 3605 537 3705 praedam
562 3622 752 3691 extorquere
776 3600 871 3693 lupo,
881 3598 1026 3692 sastique
1050 3603 1216 3700 maligno¹

283 3696 456 3790 ‘Subjecisse
479 3699 643 3776 humeros,
667 3694 708 3770 (7
733 3698 835 3788 iniqui
854 3699 997 3791 pondera
1020 3695 1124 3792 raslri

285 3794 447 3866 Praedura
466 3795 604 3868 trailare
625 3814 740 3874 manu,
763 3792 804 3865 l?
827 3793 981 3865 domitore
1002 3791 1123 3888 lacerto

216 3893 264 3966 60
285 3890 430 3985 subjuga
457 3890 616 3985 cornigeri
642 3887 726 3960 colla
748 3888 944 3964 oblullantia
966 3891 1055 3959 tauri

283 3990 433 4071 Ducere,
459 3987 498 4067 (J
521 3991 615 4063 iratis
639 4008 827 4152 concingere
850 3983 1020 4061 cornminus
1044 3984 1179 4156 ursicff

791 4103 816 4179 4
1167 4100 1219 4153 mc

1218 4368 1255 4392 a!
