2859 4709
373 358 1004 479 ‘nnuoatr1ouae
1140 408 1210 484 tm

206 550 306 613 cnut,
327 527 406 627 nstin
432 535 603 606 obducunt.
646 536 807 631 Nugatur
835 537 936 631 igitur
966 535 1100 608 Nonius
1131 561 1210 607 cum

205 630 365 702 obducere
386 654 449 722 pto
463 632 608 723 aperire,
628 631 854 727 &protegere
870 635 1110 725 interpretatur.
1145 635 1211 703 Di-

206 727 253 794 cit
276 728 380 820 igitur
399 725 584 822 Virgilius:
602 730 788 801 Includitur
811 748 907 800 tunm
924 753 1027 820 pecus
1051 752 1094 798 ex
1113 727 1212 801 altera

206 841 303 911 parte
329 822 483 906 lacunis,
513 847 557 895 ex
583 825 682 895 altera
707 827 830 916 pariete
856 823 1214 914 exnudislapidlbua

208 915 277 989 fine
301 919 391 990 calce
416 921 583 1012 coaptatis.
628 924 731 992 Feras
753 941 888 1001 autem,
916 946 978 1014 pro
1002 939 1098 1013 partu
1124 920 1213 994 leva-

208 1030 258 1086 tas
283 1039 327 1086 ex
352 1016 472 1088 Nonio
496 1017 706 1106 interpretor.
750 1019 851 1112 Virg.
865 1021 897 1092 8.
1196 1098 1198 1103 ,

233 1180 236 1185 .
258 1115 412 1192 Fecerat,
437 1112 479 1190 (θ’
502 1113 603 1185 viridi
620 1112 734 1205 fctum
755 1116 924 1187 Mavortis
950 1115 984 1185 iu
1010 1136 1106 1186 nutro
1198 1108 1207 1127 χ

220 1254 223 1261 -
259 1210 465 1302 Procuburffc
485 1210 613 1307 lupum,
634 1212 781 1306 geminos
802 1213 921 1284 circum
945 1211 1043 1282 ubera
1066 1227 1173 1284 uaros.¹

259 1307 472 1402 Majoresque
491 1311 620 1380 cadum.
649 1307 773 1378 Nullus
797 1308 843 1379 ell
863 1310 962 1398 po'e'ta
981 1308 1034 1380 vel
1057 1308 1215 1387 Latinus,

213 1402 266 1476 vel
288 1403 411 1484 Italus,
434 1401 489 1472 vel
510 1401 704 1496 Hispanus,
732 1421 787 1476 aut
815 1406 956 1505 Gallus,
978 1405 1034 1496 qui
1057 1405 1121 1475 hoc
1136 1405 1217 1478 Vir-

214 1499 341 1595 giliano
366 1497 527 1571 verficulo
549 1524 616 1572 non
642 1498 806 1573 abutatur.
847 1502 913 1572 Sed
934 1500 1015 1573 heus
1037 1519 1093 1585 tu,
1118 1524 1219 1592 quam

215 1597 336 1666 horam
359 1595 424 1666 diei
439 1595 520 1666 mihi
535 1596 829 1677 commonstrabis‚
850 1597 883 1667 in
904 1623 967 1691 qua
982 1598 1125 1691 majores
1145 1622 1220 1669 nm·

216 1691 291 1764 brae
317 1715 384 1762 non
411 1694 522 1764 cadant
546 1697 588 1765 de
610 1695 781 1766 montibus
803 1691 891 1766 altis?
915 1696 994 1765 Imn
1017 1692 1142 1766 verost
1163 1718 1219 1764 me

219 1811 325 1882 roges
357 1812 505 1880 quaenam
534 1790 615 1863 hora
643 1790 698 1860 hic
727 1789 948 1884 significetur,
984 1790 1090 1863 dicam
1123 1788 1221 1884 figni-

216 1884 314 1956 ficari
340 1882 532 1977 solentiam
560 1887 742 1969 occidisse,
768 1909 873 1980 quum
896 1885 1047 1958 villarum
1076 1886 1221 1958 culmina

217 1982 404 2061 fumarent,
418 2006 495 2052 nam
518 1983 591 2075 post
613 1983 715 2056 solem
741 1981 895 2057 occasum
922 1981 1081 2074 incipiunt
1102 1981 1221 2054 villice

219 2081 283 2150 luis
315 2079 443 2150 maritis
468 2101 592 2153 caenam
629 2104 755 2173 parare.
806 2080 861 2150 Sic
890 2097 1001 2152 autem
1033 2100 1085 2150 res
1112 2076 1222 2150 habet.

219 2173 414 2259 Credebant
438 2194 566 2248 veteres
593 2178 674 2248 nihil
708 2177 796 2250 aliud
824 2173 889 2247 effe
921 2175 1092 2255 nonem„
1120 2198 1222 2266 qnam

220 2271 481 2346 occultationem
519 2269 593 2344 solis
640 2275 767 2349 circum
806 2271 1052 2368 Hyperboreos
1091 2292 1223 2345 montes

222 2372 334 2463 (quos
358 2365 414 2437 hic
435 2368 516 2440 altos
544 2372 669 2457 vocat)
695 2371 785 2444 unde
809 2368 919 2454 rursus
940 2386 1129 2465 emergeret
1150 2394 1223 2440 ma·
1260 2431 1267 2447 .

209 2488 273 2539 ne.
314 2463 451 2535 Refelllt
466 2467 547 2539 hanc
562 2486 711 2539 veterum
733 2464 925 2557 opinionem
940 2464 1133 2537 Aristoteles
1146 2469 1225 2536 Mc·

224 2583 302 2632 teor.
328 2561 428 2640 tina.
453 2583 564 2660 cup.1.
591 2562 654 2633 fic:
680 2564 781 2655 Quod
808 2583 914 2633 autem
938 2587 976 2631 eu
1000 2583 1096 2632 terrae
1117 2563 1225 2654 portio

224 2683 295 2754 qua
322 2662 365 2730 ad
386 2660 634 2752 septentrionem
654 2658 757 2763 pofiru
782 2653 839 2751 est,
867 2657 992 2745 excelsa
1011 2653 1078 2750 fit,
1106 2656 1226 2728 indicio

225 2759 280 2829 vel
312 2755 350 2824 ἰὰ
378 2755 433 2846 elle
456 2753 573 2850 potest,
604 2762 688 2850 quod
710 2781 775 2827 uon
793 2754 889 2848 pauci
913 2778 953 2826 cx
976 2753 1047 2833 iis,
1072 2755 1127 2849 qui
1149 2755 1226 2826 olim

218 2851 405 2939 sublimium
417 2849 660 2946 rerumstudiofi
670 2851 819 2942 fuerint,
835 2851 943 2921 Solem
956 2874 1019 2922 nou
1026 2851 1139 2938 subter
1158 2859 1227 2922 t'er·

227 2974 298 3019 rum
311 2943 422 3036 ferri,
439 2947 500 3035 sed
520 2950 608 3021 circa
627 2955 786 3033 camdem,
809 2966 901 3040 utque
916 2949 1017 3019 locum
1031 2949 1131 3045 ipsum
1157 2970 1228 3017 cre-

228 3044 389 3118 diderunt.
431 3041 608 3136 Dispatere
632 3065 765 3125 autem,
787 3061 884 3134 atque
906 3047 1040 3116 noctem
1067 3044 1228 3117 commit·

228 3142 505 3231 tere‚.quoniam
531 3159 616 3213 terra
647 3145 688 3213 ad
715 3141 831 3214 Ursam
858 3140 1014 3212 conversa
1042 3140 1090 3213 stt.
1140 3139 1229 3210 Haec

229 3238 286 3308 ille
308 3239 460 3331 Majorcs
481 3237 583 3332 igitur
603 3239 740 3321 umbrae,
764 3257 820 3311 aut
845 3258 969 3334 muguae
995 3237 1116 3311 umbrae
1141 3233 1231 3307 dicia

225 3351 285 3405 tur
311 3334 407 3404 Nox.
451 3334 570 3428 Virgil.
619 3335 800 3413 AEneid0z.
913 3412 915 3417 ,
1055 3416 1058 3420 A

279 3429 432 3505 Vertitur
456 3430 792 3513 intereundum&
816 3430 883 3502 ruit
907 3453 1026 3502 oceano
1047 3453 1133 3508 uox,
1173 3505 1175 3509 ,

277 3528 457 3598 Involvens
478 3527 589 3598 umbra
610 3553 729 3623 mogun
751 3548 930 3622 terramque
947 3529 1127 3620 polumque.
1139 3520 1232 3595 Ibin·

278 3627 364 3696 Nox
389 3643 566 3696 urrunnun
593 3624 796 3696 circumvolat
821 3627 943 3698 umbra·
982 3621 1159 3696 AEneito.
1267 3666 1270 3673 ·

283 3720 348 3792 Ubi
370 3721 477 3802 culum
500 3719 641 3799 condidit
669 3719 792 3799 umbra.

759 4106 849 4204 Ma
