2859 4709
402 391 901 464 innumerata·
1083 405 1157 482 447

187 537 222 589 ae
248 513 305 586 lib.
321 515 379 590 28.
404 537 516 607 capr.
559 515 657 585 Dixit
684 512 844 605 (inquit)
866 515 1052 592 Homerus,
1071 533 1158 606 pro-

187 613 286 687 rvium
310 612 509 708 sanguinis,
544 613 715 691 vulnerato
748 609 869 695 semine
906 606 1038 702 Ubffem
1069 611 1162 680 inhi-

187 706 248 805 riffe
273 714 422 781 carmine.
467 709 560 784 Vide
583 726 693 780 totum
714 705 818 775 ¹Plinii
845 726 973 797 caput,
1004 709 1037 774 in
1066 706 1162 798 cujus

187 826 219 878 ιο
244 805 286 877 stc
314 809 380 877 ait:
406 808 558 880 Carmina
586 809 730 900 quaedam
753 824 865 874 extant
890 825 1001 874 contra
1025 804 1175 897 grandi·

187 928 211 976 rs
224 950 241 1000 ,¹
260 925 430 997 contraque
445 904 626 975 morborum
643 924 785 999 genera,
805 922 978 995 contraque
1001 895 1166 992 ambusta.-

187 1004 301 1073 taedam
325 1003 420 1070 etiam
448 1020 589 1093 experta.

199 1099 343 1190 21485.
375 1099 523 1189 Orpheos
542 1118 637 1191 atquc
662 1095 805 1195 syram.)
830 1098 886 1168 De
917 1088 1169 1186 Amphione&

187 1192 300 1287 sepheo
323 1192 675 1286 supervacaneum'est
699 1195 824 1285 aliquid
850 1195 987 1270 dicere,
1015 1190 1092 1283 quia
1122 1189 1170 1259 nil

187 1295 266 1387 ragis
290 1294 406 1363 tritum
433 1292 522 1380 apud
548 1292 672 1381 poetas.
724 1293 782 1361 De
810 1289 952 1382 Orpheo
984 1308 1116 1368 tamen,
1143 1284 1171 1357 st

187 1387 320 1461 triostus
346 1387 468 1478 aliquid
496 1411 601 1481 aves,
630 1389 706 1480 lege
744 1387 935 1460 Pausaniam
959 1388 994 1456 in
1021 1385 1173 1458 Beroticis

187 1485 260 1581 ¹ttius
290 1485 360 1558 haec
385 1478 615 1562 disserentem,
641 1483 884 1579 mythologiam
907 1482 1039 1576 Orphei
1074 1483 1174 1555 etiam

187 1584 304 1677 :plicat
330 1581 522 1665 Pausanias,
547 1583 582 1654 ὅ(
604 1579 768 1654 Horatius
792 1585 827 1651 in
848 1601 919 1651 arte
940 1581 1082 1675 poetica.

187 1700 296 1774 ,‚309.
323 1679 489 1775 improbus
513 1680 594 1748 harto
619 1679 740 1778 Cheiyn
764 1679 963 1767 Neanthuc.)
989 1677 1081 1748 Tota
1102 1675 1175 1748 haec

187 1779 311 1849 aerario
340 1800 382 1846 ex
410 1776 560 1849 Lucieno
588 1772 693 1847 sumta
721 1774 826 1845 estin
844 1777 993 1862 sermone
1024 1773 1177 1860 adversus

187 1868 340 1946 nouum.
384 1870 538 1942 Arbitror
564 1872 710 1964 (inquit)
734 1896 802 1943 non
821 1869 1091 1963 intempestivum
1112 1866 1177 1940 esse

191 1969 329 2043 ,esbiam
351 1974 512 2061 quandam
534 1969 678 2041 fabulam
701 1970 761 2040 tibi
781 1992 920 2040 narrare.
962 1969 1083 2059 Quum
1106 1970 1179 2039 Or·

192 2067 298 2149 heum
324 2065 472 2138 Thressae
498 2068 654 2137 mulieres
681 2065 899 2137 dilaniassent:
937 2064 1048 2136 ferunt
1078 2079 1180 2156 capnt

195 2167 257 2253 uris
282 2190 346 2236 una
370 2187 449 2233 curn
475 2163 544 2258 lyra
571 2165 845 2255 quamprimum
867 2159 1007 2237 Hebrus
1030 2159 1180 2254 excepis-

198 2279 247 2343 et,
268 2261 303 2330 in
331 2263 481 2354 Nigrum
503 2282 645 2352 pontum
670 2260 835 2354 ejectum,
865 2285 904 2332 ac
932 2260 976 2331 ira
999 2257 1095 2331 simul
1119 2285 1181 2331 ca·

200 2377 252 2442 ur,
275 2384 312 2429 ac
340 2361 446 2451 lyram
472 2355 609 2430 natasse:
641 2357 793 2451 lugubre·
815 2360 972 2451 quiddam
998 2357 1113 2452 lingua
1139 2359 1182 2428 de

202 2457 307 2547 trphei
334 2480 417 2539 nece
444 2475 603 2535 canente,
630 2457 738 2525 ventis
762 2457 861 2526 eriam
884 2456 1023 2526 chordas
1051 2453 1182 2547 percei-

205 2557 317 2624 ntibus
350 2553 416 2643 apti
445 2550 588 2623 materiae
616 2553 838 2624 reddebamur
869 2551 1011 2622 moduli.
1058 2549 1113 2622 Sic
1142 2551 1184 2623 ad

207 2650 326 2735 esbum
350 2649 563 2741 appulerunt:
592 2649 710 2719 incoiae
733 2649 895 2721 abundis
914 2647 985 2719 baec
1008 2648 1185 2738 eripientes

209 2769 275 2840 tput
302 2747 452 2838 sepulcro
480 2747 710 2818 condiderunt.
750 2747 886 2842 Cheiyn
910 2770 991 2817 vero
1019 2747 1053 2815 in
1079 2745 1185 2838 Apol·

212 2846 251 2917 iis
274 2846 403 2936 templo
437 2840 694 2934 suspenderunt,
724 2842 782 2916 ubi
814 2867 919 2937 quum
952 2865 1012 2933 per
1044 2844 1186 2939 iungunt

214 2967 312 3034 mpus
338 2945 401 3012 rite
434 2935 666 3021 asservaretur,
683 2942 870 3024 ,Neanthus
895 2940 1023 3034 Pyttaci
1055 2939 1186 3036 tyranni

217 3044 267 3113 ius
290 3039 426 3132 (quum
443 3061 515 3131 quae
532 3040 574 3106 de
595 3039 683 3134 Lyra
700 3037 913 3110 narrabantur
928 3035 1082 3109 audissetz
1104 3060 1189 3130 quo·

219 3139 289 3208 odo
315 3136 401 3207 feras
421 3133 536 3204 bestias
562 3135 621 3204 hac
650 3134 820 3207 definiisset
839 3134 1020 3226 Orpheus,
1042 3136 1190 3227 plantas,

245 3231 319 3302 saxa
341 3231 512 3302 movisset:
535 3256 572 3303 ac
595 3236 733 3302 demum
750 3234 838 3329 Lyra
864 3231 929 3323 ipsa
953 3252 1089 3304 mortuo
1114 3248 1190 3303 vate

223 3331 351 3399 rdarum
373 3328 535 3421 impetum
565 3327 761 3419 superasset,
789 3330 826 3403 ὅ(
849 3330 1099 3418 modularetur)
1125 3328 1190 3398 ha·

227 3428 303 3497 ndae
327 3427 427 3521 Lyrae
456 3426 679 3514 cupidissimus
704 3425 907 3496 sacerdotem
935 3428 1061 3520 ingenti
1086 3451 1191 3518 pecu·

228 3549 235 3595 t
262 3525 434 3615 corrupit,
466 3543 503 3595 nt
530 3524 589 3591 alia
622 3522 787 3613 supposita
815 3525 938 3617 Lyram
969 3524 1103 3614 Orphei
1133 3522 1193 3596 sibi

230 3624 396 3692 neederer.
425 3623 505 3711 Qua
531 3638 688 3710 accepta,
712 3622 857 3691 interdiu
872 3621 1110 3712 quidemillarn
1130 3645 1194 3693 nec

233 3716 312 3789 lsare
337 3719 373 3787 in
405 3722 491 3789 urbe
519 3743 628 3808 neque
651 3721 804 3810 cuiquam
831 3716 1004 3787 ostendere
1030 3718 1193 3789 audebatr

234 3815 287 3887 cie
312 3813 393 3888 verb
420 3817 574 3892 occulte,
599 3817 635 3889 δί
662 3817 695 3884 in
721 3815 916 3889 suburbium
942 3815 1097 3885 secedens
1123 3816 1196 3910 Ly·

236 3939 259 3984 n
284 3914 411 4007 pulsare
435 3939 539 4003 quum
563 3915 746 4007 inciperet,
770 3913 1008 4004 ineptiriimum
1030 3909 1198 3986 efficiebat

238 4035 356 4088 torem.
400 4013 555 4088 Demens
581 4011 618 4090 iic
643 4013 780 4090 stolidus
808 4011 867 4107 qui
894 4007 1036 4088 Musica
1060 4014 1200 4104 tmperi-

1154 4122 1218 4186 mh
