2859 4709
449 440 515 496 1tt
564 401 949 523 Nuuutctu.
1131 432 1201 532 '435

190 550 357 628 oraculum
374 553 453 642 sunt
471 553 646 643 siscitari,
673 576 840 647 quemnam
863 560 996 628 aeorum
1017 555 1205 648 placarent,

192 667 230 720 ut
250 649 428 746 Tegeaeum
455 655 595 725 viciores
617 648 798 742 existerent.
847 656 911 723 Hit
937 654 1059 748 Pythia
1078 658 1205 749 respon-

192 749 270 823 dit,
295 750 331 819 ib
348 745 446 836 sare,
467 749 497 844 fi
524 746 587 840 ossa
613 743 735 838 Orestis
749 747 819 837 filii
845 754 1105 844 Agamemnonis
1128 750 1205 840 res-

183 841 305 933 serent.
349 848 451 938 Cujus
474 871 589 918 urnom
610 867 706 938 quum
732 844 900 938 nequirent
930 847 1106 926 invenire,
1130 875 1205 919 rur·

182 940 247 1030 sut
264 944 307 1013 ab
320 944 429 1012 Deum
446 945 579 1014 mittunt
601 946 641 1014 be
664 941 734 1011 loco
746 941 966 1028 sciscitatum,
991 946 1024 1011 in
1047 968 1108 1038 quo
1120 941 1206 1037 fieus

169 1035 320 1133 ¹Orestis
341 1033 425 1130 effer.
475 1040 559 1111 Haec
584 1040 714 1111 nunciis
737 1039 1037 1136 interrogantibus,
1061 1044 1109 1114 ita
1133 1043 1207 1139 Py·

193 1133 267 1204 thia
293 1137 417 1206 retulit.
480 1145 486 1169 ¹

242 1229 300 1401 pp
320 1254 399 1329 pars
420 1232 601 1304 Archadia
624 1233 744 1329 Tegeae
767 1235 802 1305 in
828 1235 958 1330 regione
980 1234 1119 1332 patenti.

187 1398 189 1403 .
282 1331 312 1399 ic
336 1330 401 1402 duo
412 1333 505 1426 flant
531 1331 638 1411 venti,
664 1332 699 1401 vi
729 1333 971 1427 pervtbemente
994 1330 1109 1404 coobii.

156 1422 158 1427 ’
231 1427 358 1521 ¹Formo
377 1426 471 1522 hessis
483 1422 624 1514 sormae,
641 1423 681 1500 θ
694 1429 802 1524 plagae
816 1427 1032 1524 superaddita
1050 1430 1167 1525 plaga.

171 1547 190 1599 ·,
246 1523 313 1595 Hic
328 1525 624 1620 Agamemnoniam
643 1545 732 1595 terra
755 1527 841 1595 omni
857 1540 990 1618 parente
1010 1548 1159 1599 teneturt

160 1650 164 1657 ·
246 1618 323 1710 Quo
347 1643 381 1692 tu
396 1621 527 1708 subiato
551 1620 668 1718 Tegeae
681 1617 877 1718 superabere
898 1623 1011 1694 vibior.

199 1715 264 1788 Ubi
281 1718 349 1787 haec
371 1718 561 1800 audierunt,
583 1719 666 1789 stibii
686 1740 794 1789 tamen
816 1720 918 1789 miuus
936 1722 1117 1792 inventione
1126 1719 1204 1810 fru-

184 1808 400 1908 strabantur,
429 1813 515 1909 &fi
547 1816 653 1886 omnia
684 1810 920 1910 disquirentes,
951 1818 1049 1889 bonet
1076 1820 1207 1914 Lycius

195 1933 281 1982 tttttts
306 1913 566 2005 Spartiatarum,
593 1935 700 1982 earum
728 1915 783 2008 qui
805 1914 998 1985 Benemeriti
1030 1937 1208 1996 vocantur,

181 2009 361 2100 comperit.
403 2011 486 2082 Sunt
510 2029 620 2081 autem.
637 2009 857 2088 Beuemeriti,
879 2034 920 2080 etc
938 2010 1062 2080 civibus
1078 2009 1207 2106 semper

199 2105 317 2175 militia
345 2102 478 2199 equestri
506 2104 714 2202 persunbbis,
740 2106 831 2201 quini
856 2108 1031 2203 quotatis,
1064 2107 1208 2202 quiquo

179 2225 285 2289 ,anna
315 2226 357 2273 ex
381 2203 548 2297 Equitibus
576 2203 753 2300 Spartiatis
776 2224 912 2285 exeunt,
939 2227 978 2275 ne
1005 2205 1210 2301 torpescant,

197 2299 259 2369 alii
290 2299 356 2376 alio
381 2302 559 2370 mittuntur.
608 2305 661 2372 Est
690 2301 731 2370 iis
755 2300 881 2398 Lycias
905 2325 1000 2395 quum
1024 2303 1116 2396 eset,
1140 2326 1209 2374 rem

197 2398 289 2492 apud
321 2395 462 2491 Tegeam
488 2400 655 2469 adinvenit
671 2393 810 2482 sortuno
839 2400 963 2490 pariter
988 2421 1082 2493 atque
1097 2398 1209 2486 soler·

198 2493 248 2565 tia
270 2493 351 2578 usus.
403 2496 495 2564 Nam
522 2519 616 2590 quum
640 2493 799 2588 Tegeates
826 2489 847 2567 b
872 2495 1124 2568 Lacedaemoniis
1149 2496 1210 2568 hoc

183 2615 285 2683 ,anno
306 2593 493 2662 commercio
514 2614 624 2664 mutuo
647 2592 789 2664 adeundi
813 2591 924 2683 essent:
944 2591 985 2666 ὀ*
1004 2595 1055 2663 hic
1067 2592 1107 2663 'in
1127 2615 1211 2661 aera·

197 2693 281 2760 riam
304 2683 464 2783 officinam
491 2686 641 2781 venisset,
666 2687 851 2759 intuebatur
874 2686 1000 2778 serrum
1028 2691 1104 2761 dum
1132 2707 1213 2785 pro·

201 2783 389 2860 cudebatur.
430 2783 506 2876 Quo
526 2787 561 2857 in
575 2785 764 2882 spedacnio
779 2785 1046 2856 admirabunbum
1062 2786 1212 2858 animab-

200 2902 329 2956 vertcnt
339 2879 439 2972 saber
449 2879 637 2971 serrarius,
658 2879 832 2974 intermiffit
850 2900 964 2976 opere:
991 2881 1125 2974 Quanta
1144 2907 1212 2953 ma·

197 2981 256 3079 gis
282 2979 417 3061 Lacon,
437 2980 559 3073 inquit,
585 2982 695 3075 hospes
719 2977 995 3070 admirarerit,fi
1019 2982 1103 3052 idem
1125 2981 1213 3073 quob

201 3101 286 3172 ego,
311 3095 346 3146 tu
364 3076 483 3168 nosset,
506 3079 561 3171 qui
579 3096 745 3170 tantopere
761 3075 933 3147 admiraris
944 3073 1124 3165 serrarium
1143 3077 1214 3171 opi·

199 3172 319 3264 scium.
361 3176 402 3241 In
425 3174 486 3246 hac
510 3176 593 3245 enim
619 3179 716 3249 Corte
735 3193 865 3268 puteum
883 3170 998 3262 sacere
1020 3197 1115 3268 quum
1139 3171 1213 3245 vel·

203 3272 295 3352 lem,
326 3269 426 3340 incidi
459 3269 493 3342 in
516 3271 701 3366 sepulcrum
722 3269 846 3364 septem
884 3270 1094 3342 cubitorum:
1128 3267 1214 3366 quod

203 3368 305 3464 (quia
335 3367 519 3441 incredulus
543 3392 630 3440 eram
659 3369 786 3439 omnino
806 3364 905 3456 fuisse
931 3369 1214 3462 majores‚'quam

204 3488 290 3538 nuuc
301 3464 380 3551 suut
399 3465 558 3557 homines)
584 3465 720 3558 aperui:
739 3465 870 3558 vidique
888 3466 1015 3533 omnino
1028 3465 1214 3560 sepulcrum

206 3587 276 3635 tum
298 3561 457 3658 cadavere
478 3563 661 3633 conuenire.
704 3559 805 3651 Quod
826 3559 880 3628 ubi
901 3557 1022 3646 mensus
1034 3560 1134 3648 sum,
1150 3562 1215 3632 ite'-

208 3684 277 3732 rum
300 3661 401 3731 obrui.
447 3659 530 3731 Haec
551 3659 609 3728 ilio
630 3657 806 3743 referente,
831 3679 902 3752 quae
922 3656 1073 3733 viderat,
1092 3657 1216 3756 Lyches

210 3755 430 3848 considerant,
454 3756 645 3852 conjeffavit
661 3759 744 3828 bunc
768 3778 810 3824 ete
832 3753 964 3824 oraculo
981 3750 1038 3847 effe
1058 3749 1214 3847 Orestem·

211 3857 281 3927 Hac
305 3855 480 3935 videlicet,
511 3855 711 3948 conjebburo:
741 3855 822 3924 duos
847 3873 1009 3944 nomque,
1035 3873 1113 3945 quos
1147 3873 1219 3920 cer-

213 3950 302 4023 tebat
329 3950 502 4045 excussoris
524 3951 626 4041 folles
660 3951 791 4025 totidem
822 3947 973 4042 comperit
1005 3948 1063 4039 esse
1090 3967 1219 4018 ventos.

214 4049 357 4126 btcuiem
377 4074 455 4128 vera
467 4052 509 4134 (5
525 4052 674 4127 malleum
690 4047 833 4220 spernam
847 4045 970 4141 sormae
992 4041 1128 4144 basiem:
1141 4042 1220 4135 ser-

747 4168 818 4227 en
1153 4162 1233 4217 rum
1276 4199 1277 4202 t
