2859 4709
238 399 309 478 262
412 393 1026 468 'Annornrroues

237 522 301 592 suit
317 519 456 593 Martis:
482 545 560 593 cum
577 521 671 592 Mars
692 516 724 589 in
747 517 911 589 adulterio
927 516 990 587 suit
1007 511 1252 607 deprehensus:

239 619 318 688 vide
342 619 479 690 Lucian.
509 620 543 688 in
563 618 668 690 Gallo.
711 615 795 686 Plin.
825 613 865 686 de
889 614 994 687 Gallo.
1029 613 1084 685 sed
1112 616 1250 709 depenso

239 713 371 787 melius.
1278 764 1284 771 .

290 811 330 895 Ψ.
345 812 404 886 28·
428 812 473 882 Et
489 809 543 904 qui
556 810 756 905 conceptus.)
779 806 827 878 Ut
837 804 1003 892 Hercules
1015 805 1252 897 conciperetur

238 923 305 978 tres
328 907 484 996 deinceps
509 905 616 998 junxit
638 906 751 976 nodles
771 903 909 995 Jupiter.
928 908 938 919 ‘
955 902 1247 995 Herculesporru

240 1004 420 1095 duodecim
446 1004 623 1074 certamina
653 1000 819 1081 confecit,
848 999 882 1069 id
908 997 972 1084 eil,
996 1020 1112 1093 quater
1135 1019 1247 1084 terna,

240 1101 283 1172 de
307 1097 427 1193 quibus
454 1116 544 1170 extat
569 1096 783 1192 epigramma.

285 1225 399 1298 Prima
423 1224 554 1305 Cleoner'
567 1194 718 1327 'tolerpta
739 1248 884 1299 aerutnno
903 1222 1031 1304 leonis,
1048 1219 1121 1298 &n

239 1351 333 1428 Vide
355 1348 510 1419 Emblem.
532 1346 653 1418 Alciat.

288 1495 346 1568 30.
360 1480 389 1547 Ε
390 1499 404 1547 t
415 1477 527 1575 Lyricr'
538 1479 660 1570 votes.)
671 1469 894 1549 Novemsunt
905 1473 1020 1569 Lyrici
1034 1488 1145 1564 poetae
1161 1473 1246 1566 apud

239 1572 403 1647 Graecos:
429 1575 571 1643 totidem
596 1590 680 1665 quot
694 1570 826 1654 Musae,
841 1572 996 1654 Alcaeus,
1019 1571 1156 1662 Sapho,
1174 1574 1245 1645 Ste-

241 1666 410 1750 fichorus,
431 1666 582 1763 Ibycus,
606 1671 809 1747 Anacreon,
839 1669 1017 1763 Pindarus,
1040 1668 1246 1751 Simonides,

239 1762 466 1851 Bacchilides‚
485 1767 635 1837 Alcman.
653 1766 750 1836 Polit.
772 1768 806 1836 in
825 1765 990 1836 Nmriciis
1010 1764 1095 1845 late,
1114 1762 1183 1840 &c

292 1881 350 1953 31.
360 1861 642 1960 Mnemosynururn
657 1883 722 1934 tres
724 1863 816 1950 sitlos
825 1859 1008 1954 quondum.)
1019 1861 1244 1961 Mnemosyne

239 1956 307 2031 ltoc
330 1955 397 2040 eil,
421 1961 606 2042 memoria,
628 1959 708 2038 Jovi
729 1981 852 2030 novem
879 1954 995 2030 Musas
1017 1960 1149 2049 peperit
1172 1983 1245 2054 quae

239 2055 274 2125 in
299 2058 501 2148 epigramm.
527 2056 755 2138 continentur,
778 2055 849 2128 Clio
870 2051 958 2150 gesto
975 2055 1082 2136 canit,
1102 2054 1167 2128 &e
1188 2054 1244 2126 sed

240 2152 333 2222 aliter
349 2156 389 2221 de
404 2153 511 2224 Mufis
526 2149 651 2222 Auson.
677 2153 770 2223 Nam
786 2170 823 2222 ut
840 2151 872 2220 in
884 2151 1023 2222 Beoricis
1042 2152 1135 2221 tradit
1156 2152 1247 2222 Pau-

240 2242 307 2317 san.
344 2249 434 2319 Otus
446 2248 481 2322 δι
495 2247 662 2338 Ephialtes
681 2248 781 2319 Aloei
797 2245 854 2317 lilii
868 2248 1072 2319 Heliconem
1091 2263 1246 2317 montem

240 2339 351 2415 Musis
368 2339 606 2416 consecrarunt.
639 2343 691 2416 Hi
706 2367 847 2417 numero
866 2342 979 2416 Musas
996 2362 1060 2414 tres
1075 2343 1243 2438 religione

240 2437 436 2513 sanxerunt:
464 2441 599 2514 nomina
623 2438 852 2532 imposuerunt
874 2441 1043 2519 Meleten,
1060 2441 1246 2525 Mnemen,

242 2534 279 2610 ὅ(
295 2537 463 2621 Aoeden,
482 2536 571 2630 quali
591 2536 678 2609 dicas
701 2538 971 2621 meditationem,
987 2539 1185 2608 memoriam
1209 2538 1246 2612 δε

241 2633 440 2717 captionem.
478 2635 655 2726 Tempore
678 2635 787 2707 multo
815 2632 889 2724 poll
914 2635 1047 2704 Pierutn
1072 2634 1245 2706 Macedo·

241 2751 323 2801 nem
338 2728 451 2805 serunt
478 2730 496 2801 i
520 2755 589 2824 quo
607 2731 665 2803 uni
684 2731 725 2801 de
744 2731 962 2802 ‘Macedoniae
987 2728 1160 2804 montibus
1186 2754 1246 2801 no·

241 2847 343 2901 men,
360 2853 464 2918 quum
480 2825 642 2920 Thespias
665 2825 798 2898 venisset
814 2847 851 2897 ut
870 2851 993 2899 novem
1010 2824 1142 2908 Mose,
1157 2823 1246 2898 hisce

241 2919 363 3012 quibus
388 2947 476 2997 nunc
501 2923 702 3016 appellantur
726 2923 916 2995 nominibus
944 2924 1128 3021 culpentur
1157 2922 1248 2994 inlli-

242 3017 349 3092 tuisse·
387 3023 469 3094 Sunt
493 3020 550 3112 qui
579 3023 713 3093 Pierum
730 3018 836 3112 ipsum
854 3019 935 3092 filias
952 3044 1078 3090 novem
1098 3018 1247 3092 habuisse

242 3115 377 3193 dicant,
406 3117 522 3209 easque
558 3119 599 3186 de
629 3115 805 3189 Musarum
842 3115 1033 3188 nominibus
1059 3116 1246 3209 appellasse.

240 3202 353 3286 Divus
371 3212 575 3309 Augustinus
599 3214 653 3284 lib.
667 3236 698 3289 2.
726 3216 766 3285 dc
779 3211 1128 3306 Dourinaclristnna
1145 3239 1173 3284 c.
1191 3233 1247 3307 17.

242 3311 320 3382 citat
336 3311 525 3385 Varronem
541 3310 597 3402 qui
619 3309 696 3380 dicit
715 3311 748 3378 in
768 3311 917 3406 Syrione‘
931 3309 1122 3404 contigisse,
1136 3327 1174 3380 ut
1190 3313 1248 3384 tri-

243 3406 306 3478 bus
328 3405 508 3481 artificibus
530 3426 621 3477 terna
644 3406 821 3478 Musarum
844 3405 1012 3478 simulacra
1041 3409 1248 3478 traderentur

243 3501 471 3583 efformanda,
492 3520 529 3575 ut
552 3502 716 3595 singulum
739 3529 782 3576 ex
799 3527 866 3575 uno
889 3526 1025 3596 quoque
1045 3504 1246 3599 eligeretur,

244 3600 288 3672 ita
308 3620 345 3672 ut
361 3619 424 3673 tres
437 3599 547 3672 Musae
564 3602 598 3669 in
614 3600 741 3689 templo
754 3599 921 3690 Apollinis
934 3622 1151 3691 ponerentur,
1165 3625 1248 3672 con·

242 3697 318 3786 tigit
344 3716 380 3768 ut
406 3716 471 3768 tres
495 3693 703 3767 illi'artifices
732 3699 777 3768 ita
801 3714 891 3766 terna
916 3695 1052 3789 quisque
1077 3696 1249 3771 simulacra

243 3792 439 3888 effingeret,
462 3807 498 3865 ut
518 3793 646 3865 nullum
670 3808 821 3883 putarent
841 3793 988 3889 Sycionii
1004 3795 1250 3886 repellendum.

243 3886 361 3981 Itaque
382 3914 506 3963 novem
523 3885 632 3963 Musae
654 3887 774 3979 quibus
790 3888 904 3980 postea
926 3887 1098 3964 Hesiodus
1113 3890 1251 3965 nomina

157 4058 160 4067 ,
243 3985 360 4058 indidit
376 3989 410 4058 in
431 3986 556 4081 templo
576 3986 743 4080 Apollinis
759 3984 911 4063 conilitui
927 3987 1157 4168 decreueirlunt.
1185 4081 1220 4157 Τ

1093 4103 1172 4178 .31.
1215 4107 1255 4166 cz
