2859 4709
272 375 347 455 206
395 366 398 373 ’
491 376 607 447 Poa.
640 374 838 448 Orro'rr
870 368 1063 449 Nason.

272 505 428 596 Quaeque
452 519 572 598 gerunt
597 500 744 575 humeris
771 506 930 596 perituras
945 503 1087 575 'Belides
1109 498 1242 590 undu}

319 599 436 673 Exulis
462 600 606 695 AEgypti
626 601 722 672 turba
748 622 882 673 cruenta
907 625 1018 672 nurus.

268 695 376 767 Poma
401 716 495 788 pater
519 698 652 785 Pelopis
676 697 844 787 praesentia
870 699 1007 789 quatit,
1027 695 1063 770 δι
1083 697 1178 765 idem

318 793 455 885 Semper
481 812 558 886 eget
583 794 738 884 liquidis,
764 793 891 887 semper
915 795 1057 865 abundat
1079 793 1182 889 aquis.

269 884 517 982 Iugeribusque
541 913 665 961 novem
693 888 842 964 summus
865 891 921 983 qui
947 889 1038 962 distat
1061 889 1103 960 ab
1128 890 1228 974 imo,

318 985 521 1078 Visceraque
545 984 664 1056 allidue
688 987 799 1075 debita
821 988 946 1080 praebet
968 987 1031 1057 avi.

268 1076 341 1152 Hic
366 1085 425 1154 tibi
450 1090 491 1153 de
517 1083 611 1154 furiis
636 1080 756 1155 scindat
778 1086 859 1159 latus
882 1109 947 1154 una
971 1083 1131 1180 flagello,

264 1267 269 1277 ι
318 1178 363 1248 Ut
386 1178 511 1250 sceleris
538 1202 697 1250 numeros
723 1181 901 1253 confiteare
926 1181 985 1251 tui.

266 1273 382 1346 Altera
408 1275 575 1346 Tartareis
603 1276 707 1346 leslos
728 1279 816 1348 dabit
841 1277 1005 1371 anguibus
1027 1293 1139 1362 artus,

316 1372 432 1442 Tertia
454 1373 617 1444 fumantes
637 1376 793 1469 incoquet
818 1377 896 1470 igne
920 1396 1032 1469 genas.
1094 1386 1097 1407 ⁵

264 1465 382 1537 Noxia
406 1470 496 1538 mille
520 1472 628 1540 modis
654 1470 850 1543 lacerabitur
869 1473 1006 1554 umbra,
1032 1469 1175 1566 tuasque

314 1566 436 1638 AEacus
461 1568 494 1634 itt
519 1590 635 1655 poenas
662 1566 850 1665 ingeniosus
877 1572 948 1640 erio

263 1657 306 1730 {tt
331 1682 365 1730 te
388 1662 575 1734 transcribet
598 1670 750 1736 veteru'rn
779 1685 941 1738 tormenta
967 1665 1142 1744 virorum,

313 1758 471 1832 Manibus
496 1760 637 1852 antiquis
660 1760 752 1835 causa
776 1765 894 1856 quietis
918 1763 990 1832 etis.

263 1851 424 1946 Sisyphe,
450 1860 504 1928 cui
527 1859 632 1928 tradas
655 1858 840 1934 revolubile
866 1861 998 1949 pondus
1021 1853 1187 1942 habebis,

314 1951 504 2026 Versabunt
528 1955 651 2026 celeres
671 1978 758 2027 nunc
784 1981 872 2026 nova
897 1951 1045 2026 membra
1067 1973 1163 2024 rotae.

261 2046 334 2122 Hic
360 2053 442 2129 erit,
463 2052 499 2126 ὃ(
521 2074 630 2122 ramos
655 2051 770 2124 frustra
794 2053 849 2146 qui
873 2071 1002 2146 captet,
1027 2051 1063 2126 ἃ
1087 2055 1215 2134 undosa

311 2144 381 2217 Hic
407 2147 613 2220 inconsumto
641 2147 763 2220 viscere
786 2149 892 2242 pascet
914 2173 1002 2222 aves·-

261 2239 341 2312 Nec
367 2248 485 2318 mortis
511 2266 627 2338 poenas
651 2266 744 2318 mors
764 2249 863 2316 altera
882 2245 974 2317 liniet
995 2242 1113 2339 hujus,

309 2337 474 2434 Horaque
500 2345 562 2412 erit
585 2341 681 2414 tantis
703 2344 819 2416 ultima
844 2345 931 2415 nulla
956 2342 1059 2413 malis.

261 2434 346 2507 Inde
372 2462 438 2533 ego
458 2456 561 2531 pauca
585 2463 721 2521 canam,
744 2439 878 2513 frondes
899 2458 936 2513 ut
961 2439 985 2510 ss
1008 2437 1081 2532 quis
1103 2436 1144 2510 ab
1159 2512 1161 2516 ,
1175 2438 1258 2520 Idaa'

309 2537 352 2607 Et
378 2537 540 2611 summam
562 2536 694 2633 Lybico
716 2538 758 2607 de
779 2561 868 2609 mare
891 2557 1000 2625 carpat
1023 2557 1154 2627 aquam.

259 2630 354 2704 Natn
377 2661 483 2732 neque
508 2648 588 2730 quot
608 2632 707 2705 liores
732 2636 840 2709 Sicula
865 2634 1038 2707 nascuntur
1062 2630 1093 2700 itt
1120 2629 1260 2728 Hybla,

309 2733 449 2821 Quotve
472 2736 554 2805 ferat
572 2732 680 2802 dicam
699 2750 785 2804 terta
811 2730 922 2805 Cilissa
946 2752 1082 2806 crocoss

257 2824 337 2896 Nec
356 2829 479 2922 (quum
499 2829 593 2900 tristis
613 2829 731 2925 hyems
750 2829 925 2920 Aquilonis
945 2825 1106 2899 inhorruit
1129 2827 1207 2916 alis)
1269 2870 1271 2874 ·

308 2925 422 3015 Quam
450 2931 552 3009 multa
575 2925 630 2996 fiat
653 2928 815 3021 grandine
838 2951 937 2998 canus
965 2924 1084 2998 Athos.

257 3018 337 3090 Nec
360 3025 443 3096 tnala
468 3049 552 3098 voce
573 3046 646 3094 tttea
670 3041 823 3113 poterunt
844 3041 899 3096 tua
925 3023 1040 3094 cuncla
1064 3017 1210 3103 referri,

306 3119 377 3192 Ora
404 3124 480 3194 licet
506 3121 626 3192 tribuas
651 3120 863 3209 multiplicata
892 3118 984 3190 mihi.

257 3213 332 3286 Tot
354 3218 486 3299 tibivae
509 3215 628 3290 misero
652 3218 809 3292 venient,
833 3215 978 3308 talesque
1002 3212 1127 3294 ruinae,

305 3311 351 3383 Ut
372 3317 448 3409 cogi
472 3319 505 3387 in
528 3315 709 3408 lachrymas
726 3337 783 3382 me
806 3339 941 3405 quoque
966 3307 1056 3402 polle
1076 3325 1208 3400 putema

255 3407 318 3483 {lle
340 3436 394 3480 nte
420 3413 595 3509 lachrymae
611 3413 729 3484 facient
752 3408 818 3479 fine
838 3409 905 3480 fine
931 3409 1088 3488 beatum,

305 3507 447 3581 Dulcior
468 3509 521 3580 hic
549 3508 613 3582 risu
639 3528 718 3582 tunc
739 3506 823 3577 mibi
845 3506 942 3579 fletus
964 3509 1036 3579 erit.

255 3603 366 3677 Natus
389 3631 425 3679 es
452 3602 566 3677 infelix‘
594 3605 663 3694 (ita
692 3605 738 3675 dii
760 3604 898 3676 voluere
919 3628 980 3674 nec
1001 3599 1094 3692 ulla)

306 3703 497 3776 Commoda
519 3702 661 3771 nascenti
682 3699 790 3780 stella,
817 3699 940 3771 levisve
959 3699 1034 3771 fuir.

255 3801 337 3876 Non
364 3800 483 3876 Venus
505 3795 645 3874 affulsit,
667 3823 735 3867 non
757 3798 808 3866 illa
833 3798 962 3889 Jupiter
987 3798 1083 3869 horas
1202 3818 1225 3869 -l

304 3898 466 3993 Lunaque
487 3923 555 3972 nort
576 3911 678 3987 aptO,
702 3891 803 3967 Stllve
829 3891 923 3969 fuere
946 3895 1037 3969 locor
1140 3987 1147 3997 ,
1170 3985 1212 4064 N

357 4019 381 4027 ’·
1185 4011 1260 4063 -ec
