2859 4709
250 396 324 472 mo
459 397 1030 468 Annorxrronas
1125 358 1130 371 ⁴

249 537 315 588 tres
340 540 432 589 cartes
452 544 497 590 trn
521 518 671 610 cavallo:
694 540 763 591 rrrs
785 519 926 591 cavallos
949 541 993 589 an
1014 515 1162 591 lratnlrrr
1186 531 1260 589 tres

249 615 398 686 ltornlrer
424 641 469 685 un
494 615 643 705 elesrtnte.

258 764 262 771 -
299 711 341 794 ll.
354 714 408 785 18.
426 713 616 808 Tergemina
629 705 672 802 est
685 712 840 807 Hecate.)
864 711 996 782 Hecate
1017 707 1064 779 est
1081 703 1276 799 Proserpi-¹

194 811 205 835 ²
251 831 314 876 na:
331 804 372 875 stc
391 807 497 890 dieta,
511 809 585 901 quia
598 828 723 878 centurn
738 810 864 880 ululata
872 827 930 904 per
943 806 1045 878 urbes.
1063 807 1193 876 Eadem
1208 803 1257 875 est

251 901 380 982 Diana,
403 905 481 974 ideo
507 904 646 996 triplex,
670 905 743 996 quia
769 906 801 974 in
826 904 915 975 coelo
940 905 1059 974 dicitur
1084 901 1202 982 Luna,
1220 900 1254 970 in

251 1000 345 1070 terris
361 1001 489 1081 Diana,
514 1000 547 1069 in
570 998 697 1069 inferno
716 999 921 1092 Proserpina.
963 999 1149 1070 Triformis
1172 1000 1255 1068 item

251 1095 397 1185 dicitnr,
423 1103 497 1187 quia
524 1095 643 1186 triplici
666 1096 750 1166 facie
780 1094 1001 1188 pingebatur,
1029 1096 1134 1186 equi,
1160 1096 1253 1187 apri,

251 1190 351 1263 tanis.
393 1195 508 1282 Equus
533 1189 741 1261 velocitatem
766 1215 879 1263 motus
911 1191 983 1282 ejus
1016 1192 1144 1263 innuit:
1177 1214 1253 1283 aper

250 1289 461 1359 venationem
484 1286 520 1359 ἀ
544 1285 661 1367 srlras,
688 1288 774 1359 canis
800 1287 934 1359 inferos.

304 1405 358 1477 19.
384 1385 469 1455 Tres
491 1385 672 1475 Charites.)
697 1383 936 1480 Euphrosyne,
960 1379 1104 1476 Aglaie,
1129 1379 1252 1460 Pithos

253 1475 334 1558 vide
358 1479 508 1550 Emllenr.
540 1480 620 1549 Alci.
647 1481 683 1550 δι
705 1483 813 1552 nollra
840 1481 949 1555 Sahal.
965 1483 1046 1570 163.

305 1577 384 1647 Tria
397 1573 510 1667 sara.)
536 1575 662 1647 Onnnia
687 1574 892 1667 incipiunt'a
918 1577 977 1648 suo
1003 1577 1193 1668 principio,
1218 1572 1253 1650 ὅ(

250 1671 459 1746 iterfaciens
487 1697 548 1763 per
569 1672 627 1743 fibi
648 1673 841 1747 attributum
865 1675 1014 1751 medium
1037 1672 1194 1765 provenit
1221 1673 1252 1744 in

252 1768 449 1841 delimatam
472 1769 584 1853 finem.
970 1774 978 1783 ''

301 1866 441 1960 Triplex
465 1869 561 1959 vox.)
586 1867 627 1936 In
656 1866 822 1940 cantilenis
846 1865 970 1939 etiamsi
984 1881 1138 1956 quatuor,
1159 1867 1253 1958 quin·

254 1987 321 2055 que
350 1964 403 2043 vel
430 1964 486 2035 sex
509 1987 608 2034 voces
632 1964 862 2055 reperiantur,
890 1967 1023 2054 proprie
1046 1981 1159 2033 tamen
1183 1963 1254 2033 sunt

253 2075 342 2153 tres,
368 2059 452 2137 alta,
477 2062 566 2135 ima,
596 2062 732 2137 media,
759 2080 795 2133 ut
819 2061 940 2152 triplex
964 2077 1139 2143 accentus,
1168 2083 1253 2132 acu·

254 2171 333 2229 tus,
354 2159 485 2248 gravis,
511 2154 738 2228 circunflexus.

303 2251 408 2321 Trina
434 2254 626 2341 elementa.)
653 2255 808 2343 Quatuor
840 2250 1077 2326 enumerabant
1102 2250 1252 2343 antiqui,

254 2345 397 2439 ignem,
418 2351 547 2427 a'e‘rem,
566 2359 706 2438 aquam,
728 2366 870 2424 terram,
897 2351 951 2422 led
969 2348 1161 2421 Aristoteles
1178 2367 1253 2419 ante

254 2441 326 2515 hac
343 2443 421 2534 ¹ipla
448 2444 610 2516 elementa
638 2449 736 2517 docet
761 2445 824 2516 elle
851 2448 934 2525 tria,
960 2447 1152 2528 materiam,
1178 2443 1252 2517 ior-

255 2561 368 2620 tnam,
389 2538 427 2612 ὅ(
454 2541 688 2632 privationem:
715 2541 792 2614 vide
813 2546 956 2614 eundem
980 2538 1194 2631 Aristotelem
1220 2564 1250 2620 2.

252 2640 457 2730 degenerat.
474 2659 584 2733 cap.3.
609 2662 652 2713 ex
676 2638 833 2718 Platone,
852 2636 875 2707 fi
895 2657 1002 2713 autem
1023 2636 1104 2708 velis
1128 2639 1250 2712 referre

254 2735 297 2819 ad
320 2732 531 2807 instrumenta
553 2736 716 2828 vulgaria,
738 2738 796 2806 tria
819 2753 1009 2807 enumerant
1028 2731 1144 2824 periti,
1166 2736 1252 2831 ignis

253 2826 345 2898 enim
367 2832 569 2910 elementum
592 2830 750 2922 nusquam
776 2828 845 2926 eli,
870 2830 925 2903 sed
949 2857 991 2905 ex
1011 2832 1088 2902 a'e're
1114 2853 1253 2925 genera·

253 2937 327 3004 tur,
352 2925 449 2997 Valla
469 2928 608 2998 Dialell.
632 2929 684 2998 lib.
699 2953 728 3003 1.

304 3041 363 3095 20.
389 3021 472 3093 Tres
492 3023 525 3094 in
535 3024 705 3095 Trinacria
718 3026 878 3114 Sirenes.)
905 3022 973 3094 Alii
988 3023 1103 3119 legunt
1115 3020 1251 3095 Siredo-

254 3138 335 3200 ner,
353 3121 445 3209 quod
465 3117 632 3214 idem-est,
652 3119 739 3212 quast
752 3125 863 3194 Seiras
877 3119 995 3199 lones,
1010 3123 1086 3192 vide
1097 3120 1251 3191 Ernblrm.

253 3213 330 3286 Alo.
345 3212 380 3286 lit
398 3215 505 3289 Sahal.
528 3214 730 3311 naslra115.
765 3216 940 3288 Trinacria
963 3219 1049 3289 dieta
1072 3215 1119 3287 est
1142 3216 1252 3290 Sicilia

253 3312 345 3402 quod
365 3310 482 3382 habeat
504 3317 565 3384 tria
590 3314 837 3402 promontoria,
853 3311 889 3385 lit
905 3311 942 3382 stt
961 3314 1126 3407 triquetra.
1174 3312 1176 3317 ’

258 3466 263 3475 .
304 3408 425 3480 Omnia
438 3409 553 3503 trina.)
579 3409 675 3502 Lege
692 3410 801 3480 omina
817 3412 911 3481 trina·
947 3412 1018 3482 Aut
1039 3411 1249 3482 referendum

253 3500 358 3573 estad
377 3529 496 3576 vocem
516 3507 614 3598 (rer)
631 3529 694 3599 qua
707 3507 888 3597 plurimum
902 3505 1075 3578 utebantur
1092 3507 1125 3576 in
1144 3506 1250 3598 auspi·

252 3597 332 3679 ciis,
355 3596 392 3670 δί
411 3626 486 3694 qua
505 3601 589 3694 saepe
607 3603 743 3675 iteratur
763 3603 796 3670 in
815 3601 1077 3676 Pharmaceutria
1092 3601 1252 3700 Virgilii,

247 3694 410 3776 Macrob.
430 3701 557 3773 Sarum.
590 3699 703 3773 Valet.
732 3697 879 3770 Maxim.
907 3694 1016 3771 Cicer.
1030 3721 1062 3791 3.
1081 3701 1122 3771 de
1142 3719 1252 3774 natur.

251 3789 416 3875 Deorum,
438 3811 494 3865 aut
517 3796 558 3866 ad
577 3793 636 3863 tria
659 3794 771 3866 omina
794 3817 868 3888 qnae
890 3795 1096 3871 dicebantur,
1111 3800 1254 3871 Sternu-

252 3888 355 3957 tatio:
374 3891 564 3980 Palpitatio:
582 3890 741 3963 Tinnitus
758 3895 897 3963 aurium.
934 3895 991 3963 De
1010 3892 1256 3967 Sternutatione

248 3984 355 4058 multa
377 3989 519 4064 diximus
539 3988 572 4058 in
584 3986 680 4085 filvis
695 3972 870 4072 Politiani:
893 3988 1256 4161 Sternutatuidr'ep'spon-

1119 4112 1138 4161 e
1165 4107 1255 4165 atur:
