2859 4709
350 449 406 503 na
431 445 543 503 suro
567 416 731 513 Ouats.
769 420 904 504 ztan.
929 434 1011 526 Gy.
1112 450 1190 529 Ι573

204 564 251 622 at.
293 547 349 622 Ah
375 556 485 651 eo-ad
513 548 707 649 Pachynum
729 537 791 628 ¹orat
818 578 892 648 quae
923 554 1108 627 extenditur
1136 561 1196 630 Io·

205 652 287 721 tium
315 674 405 723 mare
442 652 631 746 attingens,
662 649 734 723 hac
772 650 837 723 sert
870 650 1033 732 illustria,
1067 653 1196 726 Mella·

206 767 297 823 tam,
328 748 615 830 Taurominium,
651 742 834 830 Catinam,
857 750 1066 842 Megarida,
1098 752 1196 844 Syra-

207 843 309 927 atsas,
345 842 382 919 ὃ(
410 845 444 913 in
470 845 515 916 iis
550 843 736 915 mirabilem
767 844 996 917 Arethusam:
1028 845 1103 918 sons
1130 845 1200 929 est,
1235 832 1241 856 ⁸

208 940 226 1011 n
260 966 328 1034 quo
355 938 503 1014 visuntur
540 926 623 1036 jadia
664 944 697 1010 in
735 941 916 1032 Alphaenm
955 952 1126 1022 amnem,
1161 957 1200 1015 ut

208 1038 336 1111 liximus
355 1082 367 1121 ,
389 1037 670 1129 Peloponnesiaco
702 1039 804 1109 littori
837 1038 1000 1112 infusum:
1026 1040 1116 1111 unde
1142 1039 1198 1110 itte

209 1137 339 1207 :reditur
369 1159 436 1206 non
464 1135 496 1208 se
522 1134 709 1209 consociare
735 1136 882 1232 pelago,
911 1133 967 1206 sed
996 1132 1105 1208 subter
1131 1159 1200 1208 ma-

210 1229 246 1304 ia
268 1229 430 1325 terrasque
459 1230 650 1322 depressus,
681 1232 748 1303 huc
779 1256 879 1327 agere
911 1232 1071 1314 alveum,
1104 1248 1202 1324 atque

211 1329 250 1399 tic
275 1327 307 1401 se
331 1328 438 1403 rursus
459 1328 639 1399 extollere.
680 1330 773 1398 Inter
802 1330 997 1426 Pachynum
1033 1328 1070 1404 δί
1099 1329 1201 1425 Lily·

212 1451 299 1499 teum
327 1429 475 1517 Acragas
509 1422 582 1506 est,
612 1422 802 1506 Heraclea,
833 1424 870 1499 ὅ(
892 1425 1066 1499 Therma.
1107 1428 1202 1506 Inter

212 1525 378 1620 Lilybeum
403 1522 440 1594 ὃ(
466 1520 617 1591 Pelorida
638 1522 844 1597 Panormus,
869 1518 907 1594 ὃ(
931 1522 1097 1617 Hymera.
1140 1522 1202 1594 In·

212 1624 298 1691 erius
325 1641 408 1688 vero
444 1617 633 1708 Leontipi,
670 1617 956 1708 Centuripinum,
985 1615 1032 1692 δι’
1055 1619 1207 1715 Hybla,

212 1717 336 1809 tliaeque
362 1715 562 1805 complures.
604 1715 741 1786 Famam
764 1715 862 1787 habet
889 1714 933 1786 ob
953 1714 1086 1788 Cereris
1114 1736 1202 1788 tem-

212 1815 293 1885 ›lum
305 1813 398 1882 Enna
418 1811 620 1903 praecipuam
643 1813 818 1903 montium.
857 1815 953 1905 Eryx
969 1811 1114 1883 maxime
1130 1837 1203 1885 nte-

213 1930 345 1981 noratut
370 1909 415 1981 ob
445 1909 621 2028 delubgum
649 1908 793 1984 Veneris
819 1909 860 1980 ab
884 1910 992 1980 AEnea
1020 1908 1203 1983 conditum.

213 1992 243 2097 it
270 2008 369 2079 AEma
397 2028 471 2098 quae
507 2004 674 2100 Cyclopas
701 2007 782 2076 olim
816 2005 930 2084 tulit,
960 2030 1047 2079 nunc
1074 2006 1203 2083 assiduis

213 2103 335 2199 gnibus
362 2101 489 2198 flagrat.
533 2104 590 2174 De
623 2101 774 2175 amnibus
801 2103 957 2200 Hymera
985 2104 1177 2177 referendus
1186 2147 1205 2188 .‚

213 2203 276 2295 [uia
307 2202 340 2272 in
375 2201 483 2272 media
522 2202 705 2279 admodum
739 2219 862 2278 ottus,
900 2199 937 2272 in
976 2199 1101 2275 diversa
1139 2203 1250 2288 der,

214 2301 326 2379 ursit,
357 2294 565 2389 scindensque
595 2323 668 2368 eam
699 2298 880 2392 utrinque,
908 2299 973 2372 alio
990 2292 1068 2370 -ore'
1087 2300 1120 2369 in
1145 2298 1205 2373 Li·
1240 2352 1243 2357 -

214 2421 349 2493 lycum,
376 2398 440 2467 alio
467 2398 500 2464 in
523 2395 699 2468 Thuscum
721 2421 810 2467 mare
838 2396 981 2470 devenit.
1022 2395 1122 2468 Circa
1153 2396 1207 2477 Si«

214 2495 307 2566 :iliam
342 2499 375 2566 in
412 2491 524 2563 Siculo
560 2493 646 2563 freto
679 2491 726 2563 est
761 2495 889 2576 Acaee,
922 2518 1021 2586 quam
1055 2489 1203 2588 Calypso

215 2590 352 2663 tabitasse
379 2591 507 2661 dicitur.
556 2588 703 2660 Africam
732 2587 845 2660 versus
873 2593 1027 2668 Gaulos,
1059 2591 1205 2672 Melita,

215 2686 362 2769 lusura,
391 2685 527 2779 propius
557 2686 687 2759 Italiam
721 2689 875 2769 Galata,
913 2684 949 2758 ὃ(
977 2687 1041 2756 illae
1079 2683 1203 2776 septem

215 2808 282 2876 luas
306 2785 407 2855 Aeoli
435 2782 618 2874 appellant,
646 2783 834 2870 Osteodes,
859 2781 1003 2877 Lipara,
1033 2784 1206 2880 Didyme,

215 2879 400 2954 thoenicusa
420 2925 443 2963 ,.
469 2878 632 2958 Ericusa,
669 2881 813 2963 Hiera,
851 2881 889 2956 ὃς
929 2879 1134 2978 Strongyle,
1166 2896 1206 2971 ut

215 2979 326 3050 Ethna
348 2996 513 3072 perpetuo
536 2973 675 3072 flagrant
699 2978 787 3072 igne.
828 2981 875 3051 At
898 2977 1092 3062 Pithecusa,
1113 2981 1205 3074 Leu-

215 3076 345 3156 :othea,
370 3076 503 3148 AEnaria
531 3077 688 3157 Sinonia,
716 3076 880 3166 Caprea,
907 3076 1091 3170 Prochyta,
1116 3078 1206 3147 Pon·

218 3171 280 3252 iae,
321 3172 533 3251 Pandataria,
564 3170 754 3266 Phytonia,
785 3173 971 3254 Parmaria,
1002 3173 1119 3243 Italico
1157 3173 1206 3244 la·

214 3269 263 3338 eri
296 3267 374 3340 citra
412 3268 586 3364 Tyberina
626 3266 704 3338 ostia
738 3268 902 3361 objacent.
952 3268 1046 3339 Ultra
1078 3270 1205 3361 aliquot

214 3363 276 3436 'unt
298 3388 429 3456 parvae,
457 3364 648 3445 Dianium,
674 3364 852 3459 Iginium,
882 3363 1062 3448 Carhania,
1087 3366 1206 3461 Urgo,

214 3461 313 3545 slua,
345 3463 509 3554 Capraria.
563 3462 653 3532 Duae
694 3465 873 3556 grandes,
904 3463 1057 3557 fretoque
1095 3461 1206 3537 divisae

214 3555 372 3642 Etrusco,
404 3581 544 3652 quacum
572 3556 707 3632 Corsica
734 3560 836 3631 littori
864 3563 1001 3652 propior
1033 3560 1115 3629 inter
1153 3561 1207 3630 la·

214 3680 273 3727 :era
301 3659 407 3729 tenuis
438 3658 475 3731 dc
503 3654 621 3749 longa,
646 3674 764 3746 prater
794 3654 892 3750 qu¹am
920 3658 980 3729 ubi
1008 3655 1144 3740 Aleria,
1169 3653 1206 3728 δε

214 3753 366 3825 Marianae
396 3752 537 3825 coloniae
564 3750 661 3835 sunt,
688 3751 706 3821 h
735 3753 883 3826 Barbaris
910 3755 1038 3825 colitur.

254 3849 398 3921 Sardinia
436 3848 590 3923 Africum
627 3847 764 3945 pelagus
797 3852 988 3945 attingens,
1021 3847 1081 3921 nist
1113 3848 1205 3939 quod

218 3967 240 4012 n
268 3949 474 4018 occidentem
502 3970 601 4039 quam
624 3949 657 4017 in
683 3949 847 4018 orientem
871 3946 1038 4042 angustius
1063 3944 1206 4036 spectat,

215 4066 264 4163 par
283 4044 319 4123 dc
344 4048 496 4162 quadrata
522 4046 690 4144 undique,
706 4044 747 4127 nc
766 4044 938 4147 nusquam
953 4069 1032 4119 m
1050 4043 1245 4222 ᾐχςζὰὲζ
