2859 4709
391 417 459 473 ru
508 372 896 474 Nuriucrn
1073 406 1146 498 463

188 524 323 624 &414
347 530 418 624 Qui
434 537 531 632 nigra
547 532 703 624 venenu.)
730 534 862 627 Scripsit
874 531 960 602 inter
975 529 1035 601 alia
1047 555 1147 623 opera

187 628 324 712 miore,
344 628 381 702 δε
400 634 676 726 Alexipliurinuca
697 638 788 722 quae'·
800 646 920 703 extant.
958 627 1149 723 Prognosti-

190 721 263 805 l&
288 729 444 824 Georgica
468 727 700 799 desiderantur.
742 728 834 801 Vide
858 727 992 799 Suidam
1015 727 1048 792 in
1072 749 1149 811 voce

187 819 333 905 leander,
358 832 394 898 δί
421 825 576 898 Macrob.
600 825 654 915 lib.
667 842 696 919 5.
727 829 840 900 Satur.
865 851 892 897 r.
915 824 1036 895 ultimo.

191 938 279 1013 419.
306 921 370 994 Sed
411 920 511 1017 lustra
539 921 740 1014 ferarum.)
785 923 963 1013 Oppianus
1006 915 1152 1030 Agelilai

187 1017 378 1101 iazarbeni‚
408 1015 444 1092 δι
473 1021 659 1092 Zenodatae
683 1019 771 1090 filius
794 1017 909 1090 floruit
922 1023 927 1033 '
941 1020 995 1090 M.
1012 1019 1152 1088 Antonii

187 1119 379 1207 iperatoris‚
406 1115 576 1190 &Severi
602 1115 823 1211 temporibus.
867 1118 1012 1188 Mortuo
1038 1131 1152 1184 autem
1224 1182 1229 1197 x

187 1234 290 1295 ¹vero,
316 1209 334 1284 ia
362 1238 429 1307 quo
452 1213 550 1308 jussus
574 1214 681 1284 suerat
701 1215 858 1291 exulare,
884 1237 969 1306 opus
994 1213 1085 1304 quod
1110 1211 1153 1280 de

189 1302 287 1383 'uibus
307 1311 341 1380 in
361 1309 463 1382 exilio
490 1310 721 1400 composuerat
741 1311 913 1383 Antonino
942 1310 1058 1383 Severi
1080 1305 1153 1377 filio

192 1407 288 1476 iavit..
326 1409 373 1478 At
405 1408 582 1479 vero‘tam
615 1429 730 1501 graius
762 1407 826 1478 suit
857 1408 1047 1480 Antoninus
1071 1428 1153 1497 erga

195 1502 363 1593 ¹mianum,
386 1520 423 1573 ut
444 1528 523 1575 eum
543 1522 727 1595 compatre
743 1503 785 1574 ab
809 1506 909 1576 exilio
925 1504 1152 1580 revocaverit,

205 1597 340 1692 insuper
372 1623 435 1690 pro
461 1598 595 1697 sagulis
628 1600 699 1694 ejus
732 1603 842 1692 operis
873 1599 1021 1673 versibus
1047 1622 1154 1671 unum
1203 1616 1206 1624 '

199 1716 285 1766 reum
303 1696 504 1786 rependerit.
543 1697 646 1768 Unde
666 1697 815 1790 Oppiani
840 1697 982 1770 carmina
1000 1697 1154 1766 dicuntur

201 1793 302 1864 nuliis
318 1817 438 1871 aurea,
461 1795 537 1887 qnia
557 1795 696 1889 ,fuerunt
713 1819 795 1866 auro
817 1793 970 1888 repensa:
993 1793 1054 1864 suit
1072 1790 1156 1862 ueri)

203 1914 237 1960 x.
258 1889 469 1982 Oppianus,
490 1911 525 1962 ut
547 1892 591 1962 ait
612 1890 821 1971 Athenaeus,
842 1889 965 1983 scripsit
990 1894 1033 1961 de
1051 1912 1155 1958 vena-

205 2009 262 2065 re,
286 1989 327 2056 de
351 1990 516 2079 aucupio,
540 1990 582 2058 de
603 1985 769 2077 piscibus,
800 1992 890 2084 quod
912 2011 1021 2079 opus,
1045 2003 1081 2054 ut
1104 1987 1156 2054 di·

207 2105 283 2164 nus,
313 2085 474 2157 dedicavit
498 2086 560 2158 Pio
587 2084 781 2159 Antonino:
808 2087 929 2179 partim
954 2108 998 2156 ex
1027 2083 1157 2163 Suida2

210 2179 271 2250 tim
296 2204 340 2252 ex
363 2181 443 2253 aliis.
782 2236 784 2240 -

210 2298 283 2370 μς.
301 2267 425 2374 ‘Pingit
454 2275 495 2352 (5
522 2279 696 2373 exiguis.)
732 2279 839 2353 Multi
870 2277 966 2352 suere
991 2277 1156 2378 Dionysii.

211 2384 225 2457 ς’
245 2376 286 2443 de
313 2400 381 2467 quo
405 2374 500 2446 nobis
524 2373 630 2448 senno
655 2377 727 2458 est,
755 2377 898 2447 creditur
923 2375 1018 2449 fuisse
1043 2381 1151 2466 Aser,

213 2473 243 2541 id
263 2497 348 2562 opus
370 2497 458 2544 nunc
481 2473 581 2545 etiam
605 2493 718 2555 extat,
745 2498 823 2546 curn
853 2472 1042 2548 doetiffimis
1062 2501 1156 2548 com·

215 2569 324 2639 ntariis
346 2571 489 2644 Graecis.

216 2684 282 2757 Μ.
309 2668 373 2738 Sed
395 2693 459 2737 non
487 2665 527 2740 (θ’
554 2669 671 2763 praeliu
695 2665 850 2754 Barclri.)
876 2668 1023 2741 Nonnus
1048 2669 1158 2739 Pano-

218 2764 317 2833 lianus
342 2762 463 2853 scripsit
489 2763 707 2862 Dionyfiacon
731 2783 790 2858 48.
813 2765 937 2850 libros,
966 2765 1024 2858 qui
1048 2782 1160 2838 extant

220 2883 286 2929 ece.
313 2859 403 2933 Vide
421 2861 571 2933 Politian.
596 2864 797 2950 Miscelln.
821 2860 953 2952 Scripsit
968 2865 1068 2937 etiam
1088 2886 1160 2935 car-

222 2981 246 3026 e
272 2955 475 3049 paraphrasin
500 2959 533 3027 in
557 2960 781 3056 Evangelium
813 2959 862 3030 D;
879 2958 1025 3040 Joannis.
1065 2960 1160 3036 Vide

224 3054 289 3123 lam
312 3053 345 3122 in
372 3078 457 3124 voce
478 3058 619 3128 Nonnae.

226 3153 290 3227 26.
316 3149 487 3222 Battiades
511 3154 655 3226 Hecalen
670 3149 812 3246 sonat.)
839 3152 1063 3228 Callimachus
1087 3153 1163 3249 Cy·

227 3271 283 3317 rus
310 3246 394 3316 Batti
420 3246 531 3328 filius,
561 3266 616 3320 aut
644 3247 811 3338 originem
837 3276 855 3322 a
883 3251 978 3324 Batto
1011 3251 1164 3345 Cyrenes

229 3367 238 3410 e
263 3342 386 3413 ducens
410 3347 513 3418 multa
536 3342 679 3434 scripsit,
703 3341 722 3414 ὲ
746 3346 865 3438 quibus
888 3367 1016 3420 tantum
1038 3349 1164 3437 aliquot
1228 3384 1230 3389 ·

230 3461 302 3507 inos
327 3436 496 3514 habemus.
550 3440 776 3515 Callimachus
802 3442 868 3532 (ut
893 3442 1029 3535 ipsemet
1058 3444 1163 3515 innuit

231 3558 346 3627 iymno
374 3538 563 3628 ApolliniS,
589 3534 835 3610 &scholiastes
865 3542 1023 3635 annotat)
1049 3564 1163 3631 repre-

232 3629 277 3700 lus
297 3628 337 3700 ab
363 3636 513 3718 aemulis,
535 3637 628 3724 quod
645 3656 808 3727 magnum
829 3659 898 3706 non
917 3633 1020 3727 posset
1044 3661 1168 3726 poema·

234 3729 337 3810 lere,
366 3733 498 3802 coaetus
524 3729 571 3800 est
604 3730 752 3802 Hecaten
786 3731 957 3804 scribere:
991 3733 1027 3807 ἃ
1051 3733 1166 3822 Thesei

235 3849 286 3895 res
309 3827 343 3896 iri
365 3827 474 3899 Tauro
486 3826 703 3899 Marathonio
726 3830 929 3903 trucidando.
969 3832 1168 3903 Heculerau·

254 3921 320 3992 suit
342 3948 423 3996 anus
447 3950 521 4018 quae
550 3923 793 3996 adolescentem
815 3926 997 4000 ¹Theseum
1024 3923 1167 4017 hospitio

237 4037 342 4110 perat.
382 4019 489 4100 Vide,
506 4021 708 4097 Politianum
735 4022 875 4114 Miscell.
894 4045 955 4120 24.
990 4024 1169 4214 PeirpZniue

238 4134 312 4190 iter.
1108 4146 1167 4194 uu·
