2859 4709
274 463 345 560 336
479 464 623 537 Aac.
672 465 1073 536 Pou1¹r1an1

272 611 321 666 20
344 592 412 662 Sed
433 586 494 661 dea
517 589 682 662 Pieridum
706 589 859 677 consors,
878 590 920 666 (7
945 595 1068 680 conscia
1092 609 1223 689 magna

340 685 514 768 Pallados,
541 687 695 756 humanas
721 684 855 782 angusta
876 689 1010 759 Poi'tica
1034 713 1156 765 mentes

339 783 468 857 Siderei
494 787 622 877 rapiens
639 782 749 868 secuta
771 785 805 852 in
829 786 1009 878 penetralia
1037 788 1124 858 cali:

341 879 437 968 Quas
452 903 551 971 rogo,
564 903 642 972 quas
654 875 793 966 reseram
803 901 914 974 grates
922 927 934 960 ‚
943 907 1013 981 quae
1022 884 1159 978 praemia
1171 901 1268 954 rantae

340 976 467 1050 Alrrici
483 975 611 1065 solvisse
635 1000 765 1070 queam,
790 1001 847 1048 nec
866 976 1017 1066 fulminis
1041 1000 1157 1062 autor,

185 1117 188 1131 .
268 1096 291 1151 2
295 1093 314 1172 5
339 1075 413 1145 Nec
426 1070 525 1169 thyrst
529 1115 539 1149 ‚
537 1072 718 1164 sceptrique
729 1070 861 1166 potens?
877 1070 1011 1167 quanam
1024 1075 1166 1170 improba
1177 1075 1265 1149 ducis

337 1174 439 1238 Mens
459 1168 608 1240 avidum?
632 1163 690 1262 quei
711 1193 761 1239 me
783 1169 889 1262 pietas
913 1175 1083 1242 temeraria
1108 1176 1202 1268 cogis

293 1348 295 1359 Ι
337 1267 547 1338 Attonitum?
562 1265 689 1356 quinam
706 1265 758 1335 iric
773 1266 878 1334 animo
895 1269 1076 1360 trepidante
1088 1269 1267 1340 tumultus?

334 1361 464 1431 Pallor?
485 1387 528 1431 an
553 1358 621 1454 ipsa
646 1381 755 1454 aprum
777 1359 913 1432 dominae
925 1365 1105 1458 praecordia
1121 1389 1235 1437 munuc

337 1457 527 1528 Parturiunr
550 1459 653 1535 ultro,
677 1481 865 1552 vocemque,
890 1459 930 1531 (7
952 1461 1050 1530 uerba
1070 1485 1190 1530 canoro

264 1573 312 1645 30
336 1554 525 1648 Concipiunr
540 1550 655 1644 sensim
680 1554 834 1631 numero,
855 1555 1054 1650 inlibataque
1066 1556 1216 1647 sundunc

333 1652 482 1723 Carmina
497 1674 678 1745 ,nunquam
693 1648 768 1720 ullis
790 1653 969 1725 Parcarum
983 1652 1123 1724 obnoxia
1138 1655 1261 1750 perusti

332 1746 391 1820 Sic
409 1767 471 1819 eat.
510 1753 562 1820 En
586 1744 720 1841 agedum
738 1745 802 1839 quei
816 1749 856 1831 se
870 1746 969 1836 saror
991 1750 1105 1819 incitat
1130 1757 1258 1825 ardens.

329 1840 409 1932 Qud
425 1869 531 1925 mens,
549 1839 611 1938 quei
630 1844 756 1938 pietas,
779 1839 841 1939 qud
857 1848 978 1915 ducum
993 1865 1069 1917 vora
1074 1845 1258 1941 sequamur.

279 1983 282 1987 -
335 1943 493 2012 Intulerat
516 1942 609 2011 terris
633 1959 756 2031 nuper,
782 1946 959 2034 mutatioque
982 1945 1104 2012 recenti

257 2031 280 2127 3
288 2055 305 2130 5
334 2039 417 2108 Cura
427 2041 493 2110 Dei
496 2039 642 2126 sanllum
656 2037 713 2106 loc
725 2038 845 2107 animal
852 2078 866 2112 t
876 2042 961 2130 quod
972 2040 1005 2107 in
1019 2039 1254 2131 aetlteraserret

330 2136 486 2207 Sublimes
507 2136 634 2210 oculos,
655 2131 739 2226 quod
758 2137 873 2204 mentis
894 2138 1035 2204 acumine
1057 2157 1161 2208 totum

223 2241 234 2251 “
326 2232 467 2302 Naturae
491 2228 636 2324 leslrarer
661 2250 761 2319 opus,
783 2229 947 2324 causasque
966 2233 1131 2303 lorenceis,

327 2326 468 2395 Eliceret
489 2336 614 2407 returns
637 2325 679 2399 (Y
688 2323 845 2411 summurn
865 2327 1070 2420 deprenderet
1092 2331 1162 2400 aevi

327 2421 519 2510 Artificem,
543 2445 625 2493 nutu
648 2444 774 2500 terras,
795 2425 916 2499 moria,
942 2419 1023 2512 astra
1048 2449 1232 2518 regentem,

253 2537 303 2609 40
328 2519 429 2610 Quod
443 2517 567 2609 suetum
591 2517 714 2588 rarione
736 2521 834 2589 animi
846 2515 1059 2610 sulslernerer
1082 2524 1143 2591 uni

326 2617 448 2687 Cunlla
458 2616 587 2709 fili,ac
597 2618 889 2708 vindexpecudum‚
897 2618 1092 2710 domitorque
1095 2616 1251 2705 serarum

321 2713 421 2805 Pasce
443 2714 483 2783 ab
504 2717 624 2811 ignavo
640 2710 766 2797 senium
786 2709 953 2798 defendere
978 2719 1109 2784 mundo.

320 2813 399 2882 Neu
421 2813 507 2881 lento
520 2813 682 2907 squallere
695 2806 763 2899 ficu
779 2810 842 2895 sua
863 2835 987 2904 regna,
1005 2836 1103 2903 neque
1124 2833 1251 2903 aegraur

317 2909 471 3002 Segnitia
487 2931 655 3005 pareretur
676 2908 763 2975 iners
784 2910 986 3001 languescere
1008 2909 1118 2975 vitam.

249 3014 295 3099 '45
321 3006 387 3077 Sed
411 3006 539 3099 longum
565 3028 672 3075 tamen
691 3002 831 3084 obscuris
853 3005 997 3089 immersa
1019 3001 1154 3072 tenebris

318 3100 406 3173 Gens'
419 3106 632 3195 rttdis‚arque
646 3102 766 3169 inculta
776 3105 880 3171 virum
889 3099 967 3194 ‚fine
980 3095 1161 3191 more,sut'e
1176 3099 1248 3169 ulla

316 3199 406 3290 Lege
411 3201 643 3363 propagabant
665 3221 792 3277 aevum,
812 3196 979 3292 paffimque
996 3196 1104 3289 serino

316 3296 411 3387 Dege
431 3318 488 3364 ant
512 3298 653 3365 homines
675 3294 767 3368 rita,
790 3293 898 3387 visque
919 3293 1008 3388 infita
1028 3294 1122 3393 cardp⁸

320 3391 416 3461 Male
429 3391 538 3484 olseffa
558 3393 683 3484 gravi,
699 3389 835 3460 nondum
857 3393 940 3461 ullos
954 3389 1132 3486 promserat
1151 3389 1245 3477 usus:

245 3499 302 3577 50¹
315 3486 380 3557 Nil
403 3491 527 3567 animo,
549 3489 639 3559 duris
664 3487 838 3578 agitabant,
855 3488 965 3557 cualla
989 3486 1133 3557 lacertis.

315 3586 472 3656 Nondum
496 3588 625 3680 relligio
648 3583 770 3654 miletis
793 3581 844 3676 (fi
864 3588 994 3655 credere
1004 3583 1064 3673 fas
1083 3580 1157 3682 (sl)

315 3682 397 3752 Non
418 3678 544 3775 pietas,
568 3706 631 3751 non
650 3677 811 3770 officium,
830 3703 888 3748 nec
901 3677 1026 3767 stedera
1049 3677 1171 3765 discors

311 3778 425 3847 Norae
447 3777 596 3848 amicitie
618 3778 757 3866 vulgus,
778 3774 953 3859 discernere
971 3778 1060 3846 nulli

312 3872 500 3968 Promptum
517 3898 588 3944 erat
600 3871 932 3969 ambiguosusceptom
944 3875 1068 3960 semine
1079 3874 1216 3966 prolem·

242 3990 286 4068 55
312 3968 392 4038 Non
415 3972 529 4040 thorus
548 3968 810 4060 insterni-genio,
832 3993 894 4040 non
915 3972 1048 4041 crimina
1065 3970 1169 4062 plelli

308 4065 461 4147 Iudicio,
484 4066 574 4138 nulla
594 4069 628 4138 in
648 4061 785 4138 medium
805 4066 945 4157 consulta
963 4063 1083 4152 referri
1089 4090 1104 4134 .-

1146 4164 1232 4235 ‘Non
