2859 4709
172 481 583 680 'amosiis
618 395 1173 649 (diiil‘rlaut
1212 481 1216 504 ’

402 717 1001 829 INSILVAM,

447 882 529 965 Cui
560 881 747 985 Titulus,
779 884 947 986 Manto,

419 1031 975 1124 PRAEFATIO.

261 1202 330 1275 ΤΑ
340 1202 452 1274 ΒΑΤ
472 1202 576 1274 adhuc
597 1202 731 1273 rudibus
755 1201 899 1298 Pagaseo
923 1200 957 1271 in
973 1202 1084 1276 littore
1103 1206 1224 1300 remis-

300 1299 388 1391 Quae
410 1301 491 1369 ratis
517 1297 667 1384 undosum
692 1304 798 1391 prima
825 1302 965 1369 cucurrit
997 1300 1085 1373 iter?
1136 1347 1140 1355 -

195 1397 283 1472 Dum
313 1419 420 1469 tamen
445 1396 596 1465 extremis
622 1397 743 1465 lraerent
765 1395 931 1481 succinldo
962 1398 1103 1469 ceruchis

245 1483 385 1571 Lintea,
412 1494 486 1561 dum
509 1510 624 1561 nautas
644 1490 786 1587 flamina
808 1491 899 1562 nulla
923 1515 1070 1569 vocant,

196 1589 398 1661 Conveniunt
424 1587 718 1684 Minyae,¹gemini
743 1588 895 1659 Chironis
918 1592 964 1659 od
988 1602 1138 1671 antrum,

248 1682 327 1775 Qua
340 1681 432 1779 sugit
456 1683 582 1776 obliquo
604 1686 741 1777 garrula
765 1685 892 1780 lympha
911 1682 1003 1777 pede.

196 1780 338 1874 Quaque
359 1782 473 1876 ingens
492 1782 644 1872 platanus
666 1780 849 1873 genialibus
875 1779 1009 1850 excubat
1031 1779 1175 1863 umbris,

246 1875 397 1968 Explicat
421 1876 473 1945 hic
488 1872 609 1963 faciles
629 1876 743 1971 ruslica
766 1875 873 1963 mensa
897 1875 1006 1969 dapes.
1182 1964 1185 1971 Ι

197 1971 321 2056 Crescit
337 1968 458 2061 sande
482 1992 592 2051 torus,
618 1994 763 2062 vernant,
778 1974 811 2041 in
826 1974 917 2067 flore
939 1972 1073 2066 capilli,

243 2065 319 2141 Sed·
336 2072 421 2138 viret
451 2068 623 2141 Herculeis
647 2071 783 2166 populus
810 2069 883 2138 olba
909 2069 1015 2140 comis.

197 2168 269 2237 Dct
295 2185 372 2258 puer
397 2168 554 2235 AEacides
581 2171 676 2236 nivea
700 2161 863 2257 Carchefia
887 2163 1027 2244 dextra,

243 2259 313 2334 'Sea
327 2261 409 2348 sures
431 2260 563 2329 Alcidae
585 2263 700 2355 pocula
728 2262 833 2348 miscet
856 2262 974 2361 Hylas.

197 2358 286 2444 Finis
312 2377 382 2427 erat
405 2358 558 2450 dapibus,
583 2360 737 2428 citharam
758 2362 834 2456 pius
857 2362 976 2429 excitat
1001 2358 1170 2455 Orpheus,

244 2455 289 2523 Et
311 2473 414 2523 movet
438 2456 484 2523 ad
504 2454 613 2524 dailos
637 2454 736 2524 verlra
762 2478 876 2527 canora
899 2479 1021 2526 manus.

199 2551 388 2622 Conticuere
413 2550 501 2628 viri,
527 2571 655 2620 tenuere
673 2548 805 2643 slentia
829 2554 940 2632 venti,

247 2645 378 2739 Vosque
403 2638 489 2713 retrd
516 2645 636 2731 cursum
658 2672 733 2717 max
758 2643 901 2741 tenuistis
925 2670 1028 2741 aquae.

199 2746 275 2820 Iam
301 2744 447 2811 volucres
465 2736 552 2830 seffis
572 2748 713 2836 pendere
728 2742 791 2828 sub
814 2744 934 2813 aethera
954 2741 1085 2837 pinnis,

246 2839 381 2931 Jamque
407 2857 512 2906 truces
531 2841 645 2911 videas
669 2866 726 2909 ara
752 2862 858 2910 tenere
870 2838 976 2927 seras.

199 2935 388 3006 Demtrrunt
402 2934 547 3026 scapulis
570 2939 684 3006 auritae
707 2939 750 3005 od
773 2939 914 3007 carmina
937 2959 1082 3031 quercus.

246 3028 410 3122 Nudaque
434 3030 582 3101 Peliacus
605 3034 742 3101 culmina
762 3052 861 3101 motat
882 3050 975 3127 apen

199 3126 241 3200 Et
263 3128 333 3216 jam
357 3148 500 3196 materno
518 3129 727 3220 permulserat
752 3129 857 3197 omnia
882 3148 1003 3211 cantu,

249 3220 332 3294 com
358 3222 481 3299 tacuit,
505 3226 668 3316 querulam
694 3222 895 3319 deposuitque
909 3224 1022 3311 fidem.

200 3322 350 3411 Occupat
374 3318 457 3389 hanc
479 3323 608 3400 audax,
633 3322 809 3414 digitosque
832 3320 939 3415 affigit
961 3322 1136 3402 Achilles,
1216 3405 1220 3412 ⁴

250 3413 478 3509 Indollumque
501 3416 577 3485 rudi
603 3418 752 3510 persanat
773 3437 828 3487 ore
851 3440 942 3509 puer.

200 3511 381 3582 Materiam
404 3511 548 3607 quaerisl
577 3512 729 3582 laudabat
752 3514 892 3583 carmina
914 3511 1023 3583 blondi

248 3603 416 3703 Hospitis,
438 3608 479 3681 (Y
504 3627 602 3676 tontae
626 3630 787 3676 murmura
810 3632 929 3703 magna
950 3610 1042 3706 lyrae.
1213 3658 1219 3666 -

201 3702 354 3789 Riserunt
379 3706 526 3801 Minyae:
539 3700 599 3788 sed
620 3705 703 3773 enim
726 3702 784 3782 tibi
809 3707 952 3785 dicitur,
980 3708 1136 3801 Orpheis,
1222 3753 1224 3758 ·

248 3802 332 3872 Haec
354 3805 446 3895 pueri
464 3802 571 3897 pietas
594 3820 692 3896 grata
708 3798 805 3890 sulse
833 3802 936 3872 nimii.

201 3897 265 3964 Me
290 3921 412 3992 quoque
442 3921 525 3968 nunc
553 3900 664 3992 magni
687 3920 799 3966 nomen
823 3898 982 3968 celebrare
1005 3900 1157 3976 Maronis

249 3992 371 4090 (Siqua
383 3993 472 4085 fides
493 4017 572 4068 uero
589 3995 651 4090 esi)
663 3995 812 4092 gaudet,
825 3993 866 4071 (τ
882 3993 948 4093 ipse
963 4000 1074 4073 Mara.

698 4092 809 4187 Md
1034 4090 1264 4167 tfflQf
