<?xml version="1.0" encoding="UTF-8"?>
<!DOCTYPE html PUBLIC "-//W3C//DTD XHTML 1.0 Transitional//EN"
    "http://www.w3.org/TR/xhtml1/DTD/xhtml1-transitional.dtd">
<html xmlns="http://www.w3.org/1999/xhtml" xml:lang="en" lang="en">
 <head>
  <title>
</title>
<meta http-equiv="Content-Type" content="text/html;charset=utf-8" />
  <meta name='ocr-system' content='tesseract 3.04.00' />
  <meta name='ocr-capabilities' content='ocr_page ocr_carea ocr_par ocr_line ocrx_word'/>
</head>
<body>
  <div class='ocr_page' id='page_1' title='image "./operaomniaunacu00siscgoog/operaomniaunacu00siscgoog_0571.png"; bbox 0 0 2859 4709; ppageno 0'>
   <div class='ocr_carea' id='block_1_1' title="bbox 247 441 1177 557">
    <p class='ocr_par' dir='ltr' id='par_1_1' title="bbox 247 441 1177 557">
     <span class='ocr_line' id='line_1_1' title="bbox 247 441 1177 557; baseline -0.02 -31"><span class='ocrx_word' id='word_1_1' title='bbox 247 459 318 557; x_wconf 80' lang='lat'>566</span> <span class='ocrx_word' id='word_1_2' title='bbox 446 452 811 524; x_wconf 67' lang='lat' dir='ltr'>eonion-11</span> <span class='ocrx_word' id='word_1_3' title='bbox 857 441 1057 516; x_wconf 77' lang='lat' dir='ltr'>Mnarn</span> <span class='ocrx_word' id='word_1_4' title='bbox 1172 452 1177 461; x_wconf 91' lang='lat'><strong>·</strong></span> 
     </span>
    </p>
   </div>
   <div class='ocr_carea' id='block_1_2' title="bbox 174 563 1254 4074">
    <p class='ocr_par' dir='ltr' id='par_1_2' title="bbox 174 563 1254 4074">
     <span class='ocr_line' id='line_1_2' title="bbox 242 563 1251 663; baseline -0.02 -10"><span class='ocrx_word' id='word_1_5' title='bbox 242 581 310 653; x_wconf 87' lang='lat' dir='ltr'>ceis</span> <span class='ocrx_word' id='word_1_6' title='bbox 338 576 505 660; x_wconf 88' lang='lat' dir='ltr'>oriunda,</span> <span class='ocrx_word' id='word_1_7' title='bbox 528 573 565 649; x_wconf 80' lang='lat' dir='ltr'>dt</span> <span class='ocrx_word' id='word_1_8' title='bbox 586 573 668 644; x_wconf 92' lang='lat' dir='ltr'>olim</span> <span class='ocrx_word' id='word_1_9' title='bbox 695 573 786 657; x_wconf 85' lang='lat' dir='ltr'>inter·</span> <span class='ocrx_word' id='word_1_10' title='bbox 804 569 927 662; x_wconf 88' lang='lat' dir='ltr'>asperas</span> <span class='ocrx_word' id='word_1_11' title='bbox 951 563 1074 658; x_wconf 82' lang='lat' dir='ltr'>posita,</span> <span class='ocrx_word' id='word_1_12' title='bbox 1104 580 1191 634; x_wconf 81' lang='lat' dir='ltr'>nunc</span> <span class='ocrx_word' id='word_1_13' title='bbox 1210 568 1251 663; x_wconf 66' lang='lat'>132</span> 
     </span>
     <span class='ocr_line' id='line_1_3' title="bbox 239 656 1251 770; baseline -0.022 -21"><span class='ocrx_word' id='word_1_14' title='bbox 239 677 365 770; x_wconf 75' lang='lat' dir='ltr'>pacatis</span> <span class='ocrx_word' id='word_1_15' title='bbox 389 678 432 746; x_wconf 95' lang='lat' dir='ltr'>ita</span> <span class='ocrx_word' id='word_1_16' title='bbox 454 673 673 747; x_wconf 81' lang='lat' dir='ltr'>diffimiltimis</span> <span class='ocrx_word' id='word_1_17' title='bbox 697 688 811 741; x_wconf 90' lang='lat' dir='ltr'>tamen</span> <span class='ocrx_word' id='word_1_18' title='bbox 841 665 946 741; x_wconf 88' lang='lat' dir='ltr'>vicina</span> <span class='ocrx_word' id='word_1_19' title='bbox 974 660 1142 758; x_wconf 82' lang='lat' dir='ltr'>gentibus.</span> <span class='ocrx_word' id='word_1_20' title='bbox 1181 656 1251 727; x_wconf 87' lang='lat' dir='ltr'>Mt·</span> 
     </span>
     <span class='ocr_line' id='line_1_4' title="bbox 242 749 1251 868; baseline -0.021 -22"><span class='ocrx_word' id='word_1_21' title='bbox 242 798 319 846; x_wconf 89' lang='lat' dir='ltr'>rum</span> <span class='ocrx_word' id='word_1_22' title='bbox 344 795 444 868; x_wconf 88' lang='lat' dir='ltr'>quam</span> <span class='ocrx_word' id='word_1_23' title='bbox 466 769 563 842; x_wconf 71' lang='lat' dir='ltr'>sicile</span> <span class='ocrx_word' id='word_1_24' title='bbox 588 767 625 843; x_wconf 76' lang='lat' dir='ltr'>dc</span> <span class='ocrx_word' id='word_1_25' title='bbox 650 772 729 840; x_wconf 87' lang='lat' dir='ltr'>tunc</span> <span class='ocrx_word' id='word_1_26' title='bbox 756 765 867 838; x_wconf 91' lang='lat' dir='ltr'>sedern</span> <span class='ocrx_word' id='word_1_27' title='bbox 892 763 1034 836; x_wconf 89' lang='lat' dir='ltr'>alienam</span> <span class='ocrx_word' id='word_1_28' title='bbox 1058 749 1251 849; x_wconf 60' lang='lat' dir='ltr'>ceperim&amp;</span> 
     </span>
     <span class='ocr_line' id='line_1_5' title="bbox 241 852 1253 943; baseline -0.023 0"><span class='ocrx_word' id='word_1_29' title='bbox 241 870 351 943; x_wconf 91' lang='lat' dir='ltr'>adhuc</span> <span class='ocrx_word' id='word_1_30' title='bbox 383 893 515 941; x_wconf 90' lang='lat' dir='ltr'>morem</span> <span class='ocrx_word' id='word_1_31' title='bbox 542 865 636 938; x_wconf 91' lang='lat' dir='ltr'>suum</span> <span class='ocrx_word' id='word_1_32' title='bbox 664 881 783 936; x_wconf 87' lang='lat' dir='ltr'>teneat.</span> <span class='ocrx_word' id='word_1_33' title='bbox 823 863 916 932; x_wconf 83' lang='lat' dir='ltr'><strong>Inter</strong></span> <span class='ocrx_word' id='word_1_34' title='bbox 944 882 1020 931; x_wconf 89' lang='lat' dir='ltr'>eam</span> <span class='ocrx_word' id='word_1_35' title='bbox 1046 857 1082 931; x_wconf 72' lang='grc' dir='ltr'>ἃ</span> <span class='ocrx_word' id='word_1_36' title='bbox 1107 852 1253 929; x_wconf 86' lang='lat' dir='ltr'>Rhoda·</span> 
     </span>
     <span class='ocr_line' id='line_1_6' title="bbox 174 948 1251 1055; baseline -0.019 -14"><span class='ocrx_word' id='word_1_37' title='bbox 174 1049 178 1055; x_wconf 45' lang='lat'>,</span> <span class='ocrx_word' id='word_1_38' title='bbox 242 989 326 1040; x_wconf 89' lang='lat' dir='ltr'>num</span> <span class='ocrx_word' id='word_1_39' title='bbox 355 965 516 1039; x_wconf 85' lang='lat' dir='ltr'>maritima</span> <span class='ocrx_word' id='word_1_40' title='bbox 544 963 765 1036; x_wconf 77' lang='lat' dir='ltr'>Auaticorum</span> <span class='ocrx_word' id='word_1_41' title='bbox 789 959 905 1053; x_wconf 85' lang='lat' dir='ltr'>stagno</span> <span class='ocrx_word' id='word_1_42' title='bbox 935 957 1048 1027; x_wconf 85' lang='lat' dir='ltr'>affidet</span> <span class='ocrx_word' id='word_1_43' title='bbox 1073 948 1147 1026; x_wconf 83' lang='lat' dir='ltr'>fossa</span> <span class='ocrx_word' id='word_1_44' title='bbox 1172 951 1251 1023; x_wconf 87' lang='lat' dir='ltr'>Ma·</span> 
     </span>
     <span class='ocr_line' id='line_1_7' title="bbox 239 1046 1250 1156; baseline -0.016 -23"><span class='ocrx_word' id='word_1_45' title='bbox 239 1065 357 1145; x_wconf 80' lang='lat' dir='ltr'>ciana,</span> <span class='ocrx_word' id='word_1_46' title='bbox 384 1085 513 1156; x_wconf 81' lang='lat' dir='ltr'>partem</span> <span class='ocrx_word' id='word_1_47' title='bbox 538 1061 609 1154; x_wconf 87' lang='lat' dir='ltr'>ejus</span> <span class='ocrx_word' id='word_1_48' title='bbox 633 1062 739 1130; x_wconf 91' lang='lat' dir='ltr'>amnis</span> <span class='ocrx_word' id='word_1_49' title='bbox 762 1054 942 1151; x_wconf 84' lang='lat' dir='ltr'>navigabili</span> <span class='ocrx_word' id='word_1_50' title='bbox 969 1055 1070 1125; x_wconf 87' lang='lat' dir='ltr'>alveo</span> <span class='ocrx_word' id='word_1_51' title='bbox 1093 1046 1250 1126; x_wconf 83' lang='lat' dir='ltr'>effundit,</span> 
     </span>
     <span class='ocr_line' id='line_1_8' title="bbox 240 1144 1253 1256; baseline -0.022 -20"><span class='ocrx_word' id='word_1_52' title='bbox 240 1160 391 1256; x_wconf 85' lang='lat' dir='ltr'>alioquin</span> <span class='ocrx_word' id='word_1_53' title='bbox 420 1161 512 1232; x_wconf 89' lang='lat' dir='ltr'>littus</span> <span class='ocrx_word' id='word_1_54' title='bbox 545 1155 695 1252; x_wconf 85' lang='lat' dir='ltr'>ignobile</span> <span class='ocrx_word' id='word_1_55' title='bbox 721 1151 767 1226; x_wconf 81' lang='lat' dir='ltr'>eli</span> <span class='ocrx_word' id='word_1_56' title='bbox 798 1153 989 1242; x_wconf 85' lang='lat' dir='ltr'>Lapideum</span> <span class='ocrx_word' id='word_1_57' title='bbox 1017 1152 1081 1241; x_wconf 87' lang='lat' dir='ltr'>(ut</span> <span class='ocrx_word' id='word_1_58' title='bbox 1105 1144 1253 1234; x_wconf 87' lang='lat' dir='ltr'>vocant)</span> 
     </span>
     <span class='ocr_line' id='line_1_9' title="bbox 240 1245 1254 1353; baseline -0.02 -22"><span class='ocrx_word' id='word_1_59' title='bbox 240 1257 278 1331; x_wconf 90' lang='lat' dir='ltr'>in</span> <span class='ocrx_word' id='word_1_60' title='bbox 305 1282 374 1353; x_wconf 91' lang='lat' dir='ltr'>quo</span> <span class='ocrx_word' id='word_1_61' title='bbox 399 1254 589 1329; x_wconf 81' lang='lat' dir='ltr'>Herculem</span> <span class='ocrx_word' id='word_1_62' title='bbox 620 1261 732 1325; x_wconf 85' lang='lat' dir='ltr'>contta&#39;</span> <span class='ocrx_word' id='word_1_63' title='bbox 767 1249 984 1329; x_wconf 85' lang='lat' dir='ltr'>Albionem,</span> <span class='ocrx_word' id='word_1_64' title='bbox 1021 1249 1058 1321; x_wconf 77' lang='lat' dir='ltr'>d&lt;</span> <span class='ocrx_word' id='word_1_65' title='bbox 1092 1245 1254 1340; x_wconf 83' lang='lat' dir='ltr'>Bergiona</span> 
     </span>
     <span class='ocr_line' id='line_1_10' title="bbox 240 1338 1253 1447; baseline -0.02 -18"><span class='ocrx_word' id='word_1_66' title='bbox 240 1353 400 1447; x_wconf 86' lang='lat' dir='ltr'>Neptuni</span> <span class='ocrx_word' id='word_1_67' title='bbox 421 1354 543 1424; x_wconf 89' lang='lat' dir='ltr'>liberos</span> <span class='ocrx_word' id='word_1_68' title='bbox 562 1353 797 1432; x_wconf 84' lang='lat' dir='ltr'>dimicantem,</span> <span class='ocrx_word' id='word_1_69' title='bbox 818 1371 896 1418; x_wconf 92' lang='lat' dir='ltr'>cum</span> <span class='ocrx_word' id='word_1_70' title='bbox 912 1347 977 1417; x_wconf 90' lang='lat' dir='ltr'>tela</span> <span class='ocrx_word' id='word_1_71' title='bbox 1003 1342 1192 1417; x_wconf 86' lang='lat' dir='ltr'>defecissent</span> <span class='ocrx_word' id='word_1_72' title='bbox 1215 1338 1253 1411; x_wconf 91' lang='lat' dir='ltr'>ab</span> 
     </span>
     <span class='ocr_line' id='line_1_11' title="bbox 240 1443 1254 1543; baseline -0.014 -22"><span class='ocrx_word' id='word_1_73' title='bbox 240 1451 400 1523; x_wconf 89' lang='lat' dir='ltr'>invocato</span> <span class='ocrx_word' id='word_1_74' title='bbox 429 1451 516 1530; x_wconf 90' lang='lat' dir='ltr'>Jove</span> <span class='ocrx_word' id='word_1_75' title='bbox 539 1450 691 1543; x_wconf 84' lang='lat' dir='ltr'>adjutum</span> <span class='ocrx_word' id='word_1_76' title='bbox 717 1447 825 1519; x_wconf 87' lang='lat' dir='ltr'>imbre</span> <span class='ocrx_word' id='word_1_77' title='bbox 849 1446 997 1536; x_wconf 85' lang='lat' dir='ltr'>lapidum</span> <span class='ocrx_word' id='word_1_78' title='bbox 1022 1443 1158 1516; x_wconf 84' lang='lat' dir='ltr'>ferunt:</span> <span class='ocrx_word' id='word_1_79' title='bbox 1185 1463 1254 1508; x_wconf 89' lang='lat' dir='ltr'>cre-</span> 
     </span>
     <span class='ocr_line' id='line_1_12' title="bbox 240 1537 1253 1638; baseline -0.01 -20"><span class='ocrx_word' id='word_1_80' title='bbox 240 1549 298 1620; x_wconf 85' lang='lat' dir='ltr'>das</span> <span class='ocrx_word' id='word_1_81' title='bbox 318 1542 459 1638; x_wconf 81' lang='lat' dir='ltr'>pluilse,</span> <span class='ocrx_word' id='word_1_82' title='bbox 483 1549 568 1619; x_wconf 87' lang='lat' dir='ltr'>adeo</span> <span class='ocrx_word' id='word_1_83' title='bbox 583 1546 680 1619; x_wconf 86' lang='lat' dir='ltr'>multi</span> <span class='ocrx_word' id='word_1_84' title='bbox 705 1545 840 1636; x_wconf 83' lang='lat' dir='ltr'>paffim,</span> <span class='ocrx_word' id='word_1_85' title='bbox 859 1543 894 1617; x_wconf 79' lang='lat' dir='ltr'>dc</span> <span class='ocrx_word' id='word_1_86' title='bbox 913 1541 976 1615; x_wconf 90' lang='lat' dir='ltr'>late</span> <span class='ocrx_word' id='word_1_87' title='bbox 1002 1541 1125 1632; x_wconf 82' lang='lat' dir='ltr'>jacent.</span> <span class='ocrx_word' id='word_1_88' title='bbox 1164 1537 1253 1609; x_wconf 89' lang='lat' dir='ltr'>Rho·</span> 
     </span>
     <span class='ocr_line' id='line_1_13' title="bbox 239 1637 1249 1738; baseline -0.008 -24"><span class='ocrx_word' id='word_1_89' title='bbox 239 1646 345 1717; x_wconf 90' lang='lat' dir='ltr'>danus</span> <span class='ocrx_word' id='word_1_90' title='bbox 371 1668 439 1715; x_wconf 93' lang='lat' dir='ltr'>non</span> <span class='ocrx_word' id='word_1_91' title='bbox 463 1646 564 1738; x_wconf 81' lang='lat' dir='ltr'>longe</span> <span class='ocrx_word' id='word_1_92' title='bbox 587 1641 627 1715; x_wconf 88' lang='lat' dir='ltr'>ab</span> <span class='ocrx_word' id='word_1_93' title='bbox 652 1641 749 1726; x_wconf 89' lang='lat' dir='ltr'>lllri,</span> <span class='ocrx_word' id='word_1_94' title='bbox 769 1640 947 1731; x_wconf 81' lang='lat' dir='ltr'>Rhenique</span> <span class='ocrx_word' id='word_1_95' title='bbox 965 1638 1123 1713; x_wconf 89' lang='lat' dir='ltr'>sontibus</span> <span class='ocrx_word' id='word_1_96' title='bbox 1144 1637 1249 1733; x_wconf 84' lang='lat' dir='ltr'>surgit.</span> 
     </span>
     <span class='ocr_line' id='line_1_14' title="bbox 239 1737 1249 1831; baseline -0.007 -18"><span class='ocrx_word' id='word_1_97' title='bbox 239 1740 377 1813; x_wconf 78' lang='lat' dir='ltr'>Deinde</span> <span class='ocrx_word' id='word_1_98' title='bbox 406 1741 558 1819; x_wconf 89' lang='lat' dir='ltr'>Lemano</span> <span class='ocrx_word' id='word_1_99' title='bbox 594 1740 666 1811; x_wconf 91' lang='lat' dir='ltr'>lacu</span> <span class='ocrx_word' id='word_1_100' title='bbox 692 1756 846 1831; x_wconf 87' lang='lat' dir='ltr'>acceptus</span> <span class='ocrx_word' id='word_1_101' title='bbox 872 1757 959 1809; x_wconf 87' lang='lat' dir='ltr'>tenet</span> <span class='ocrx_word' id='word_1_102' title='bbox 984 1739 1183 1831; x_wconf 90' lang='lat' dir='ltr'>impetum,</span> <span class='ocrx_word' id='word_1_103' title='bbox 1206 1737 1223 1806; x_wconf 88' lang='lat' dir='ltr'>s</span> <span class='ocrx_word' id='word_1_104' title='bbox 1235 1772 1249 1789; x_wconf 94' lang='lat'><strong>·</strong></span> 
     </span>
     <span class='ocr_line' id='line_1_15' title="bbox 239 1836 1246 1932; baseline -0.009 -21"><span class='ocrx_word' id='word_1_105' title='bbox 239 1863 308 1932; x_wconf 86' lang='lat' dir='ltr'>que</span> <span class='ocrx_word' id='word_1_106' title='bbox 330 1862 389 1931; x_wconf 88' lang='lat' dir='ltr'>per</span> <span class='ocrx_word' id='word_1_107' title='bbox 409 1839 560 1919; x_wconf 89' lang='lat' dir='ltr'>medium</span> <span class='ocrx_word' id='word_1_108' title='bbox 575 1836 705 1931; x_wconf 83' lang='lat' dir='ltr'>integer</span> <span class='ocrx_word' id='word_1_109' title='bbox 725 1859 851 1932; x_wconf 86' lang='lat' dir='ltr'>agens,</span> <span class='ocrx_word' id='word_1_110' title='bbox 869 1853 1010 1928; x_wconf 89' lang='lat' dir='ltr'>quantus</span> <span class='ocrx_word' id='word_1_111' title='bbox 1035 1838 1152 1916; x_wconf 87' lang='lat' dir='ltr'>venit,</span> <span class='ocrx_word' id='word_1_112' title='bbox 1165 1857 1246 1929; x_wconf 85' lang='lat' dir='ltr'>egre·</span> 
     </span>
     <span class='ocr_line' id='line_1_16' title="bbox 241 1932 1245 2027; baseline -0.002 -23"><span class='ocrx_word' id='word_1_113' title='bbox 241 1936 342 2006; x_wconf 91' lang='lat' dir='ltr'>ditur.</span> <span class='ocrx_word' id='word_1_114' title='bbox 380 1937 467 2007; x_wconf 89' lang='lat' dir='ltr'>Inde</span> <span class='ocrx_word' id='word_1_115' title='bbox 494 1935 665 2007; x_wconf 81' lang='lat' dir='ltr'>contrairi</span> <span class='ocrx_word' id='word_1_116' title='bbox 691 1936 899 2004; x_wconf 88' lang='lat' dir='ltr'>occidentem</span> <span class='ocrx_word' id='word_1_117' title='bbox 925 1932 1074 2013; x_wconf 88' lang='lat' dir='ltr'>ablatus,</span> <span class='ocrx_word' id='word_1_118' title='bbox 1102 1934 1245 2027; x_wconf 80' lang='lat' dir='ltr'>aliquan·</span> 
     </span>
     <span class='ocr_line' id='line_1_17' title="bbox 241 2029 1246 2108; baseline -0.002 -6"><span class='ocrx_word' id='word_1_119' title='bbox 241 2034 301 2104; x_wconf 92' lang='lat' dir='ltr'>diu</span> <span class='ocrx_word' id='word_1_120' title='bbox 328 2033 455 2108; x_wconf 87' lang='lat' dir='ltr'>Gallias</span> <span class='ocrx_word' id='word_1_121' title='bbox 488 2031 624 2105; x_wconf 85' lang='lat' dir='ltr'>dirimit.</span> <span class='ocrx_word' id='word_1_122' title='bbox 675 2029 755 2103; x_wconf 85' lang='lat' dir='ltr'>Post</span> <span class='ocrx_word' id='word_1_123' title='bbox 785 2031 880 2103; x_wconf 89' lang='lat' dir='ltr'>cursu</span> <span class='ocrx_word' id='word_1_124' title='bbox 912 2029 945 2099; x_wconf 92' lang='lat' dir='ltr'>in</span> <span class='ocrx_word' id='word_1_125' title='bbox 980 2031 1163 2103; x_wconf 85' lang='lat' dir='ltr'>meridiem</span> <span class='ocrx_word' id='word_1_126' title='bbox 1195 2031 1246 2102; x_wconf 88' lang='lat' dir='ltr'>ab·</span> 
     </span>
     <span class='ocr_line' id='line_1_18' title="bbox 238 2126 1244 2220; baseline -0.004 -21"><span class='ocrx_word' id='word_1_127' title='bbox 238 2130 345 2202; x_wconf 72' lang='lat' dir='ltr'>dubio</span> <span class='ocrx_word' id='word_1_128' title='bbox 373 2126 435 2201; x_wconf 83' lang='lat' dir='ltr'>hac</span> <span class='ocrx_word' id='word_1_129' title='bbox 466 2129 587 2211; x_wconf 85' lang='lat' dir='ltr'>intrat,</span> <span class='ocrx_word' id='word_1_130' title='bbox 613 2126 806 2220; x_wconf 70' lang='lat' dir='ltr'>accessuque</span> <span class='ocrx_word' id='word_1_131' title='bbox 832 2129 974 2207; x_wconf 88' lang='lat' dir='ltr'>aliorum</span> <span class='ocrx_word' id='word_1_132' title='bbox 1005 2130 1160 2202; x_wconf 87' lang='lat' dir='ltr'>amnium</span> <span class='ocrx_word' id='word_1_133' title='bbox 1183 2128 1244 2220; x_wconf 81' lang='lat' dir='ltr'>jam</span> 
     </span>
     <span class='ocr_line' id='line_1_19' title="bbox 238 2221 1243 2320; baseline -0.001 -25"><span class='ocrx_word' id='word_1_134' title='bbox 238 2224 401 2319; x_wconf 82' lang='lat' dir='ltr'>grandis,</span> <span class='ocrx_word' id='word_1_135' title='bbox 422 2224 460 2301; x_wconf 70' lang='grc' dir='ltr'>δί</span> <span class='ocrx_word' id='word_1_136' title='bbox 487 2226 623 2301; x_wconf 86' lang='lat' dir='ltr'>subinde</span> <span class='ocrx_word' id='word_1_137' title='bbox 643 2226 829 2320; x_wconf 80' lang='lat' dir='ltr'>grandior,</span> <span class='ocrx_word' id='word_1_138' title='bbox 853 2227 936 2296; x_wconf 89' lang='lat' dir='ltr'>inter</span> <span class='ocrx_word' id='word_1_139' title='bbox 959 2221 1110 2309; x_wconf 87' lang='lat' dir='ltr'>Volcas,</span> <span class='ocrx_word' id='word_1_140' title='bbox 1128 2225 1164 2302; x_wconf 72' lang='grc' dir='ltr'>ἃ</span> <span class='ocrx_word' id='word_1_141' title='bbox 1185 2225 1243 2298; x_wconf 87' lang='lat' dir='ltr'>Ca-</span> 
     </span>
     <span class='ocr_line' id='line_1_20' title="bbox 238 2320 1247 2419; baseline -0.001 -24"><span class='ocrx_word' id='word_1_142' title='bbox 238 2345 333 2397; x_wconf 89' lang='lat' dir='ltr'>varas</span> <span class='ocrx_word' id='word_1_143' title='bbox 360 2322 531 2397; x_wconf 87' lang='lat' dir='ltr'>emittitur.</span> <span class='ocrx_word' id='word_1_144' title='bbox 576 2323 669 2397; x_wconf 90' lang='lat' dir='ltr'>Ultra</span> <span class='ocrx_word' id='word_1_145' title='bbox 695 2321 767 2394; x_wconf 90' lang='lat' dir='ltr'>sunt</span> <span class='ocrx_word' id='word_1_146' title='bbox 798 2320 908 2419; x_wconf 86' lang='lat' dir='ltr'>slagna</span> <span class='ocrx_word' id='word_1_147' title='bbox 936 2321 1138 2398; x_wconf 83' lang='lat' dir='ltr'>Volcarum.</span> <span class='ocrx_word' id='word_1_148' title='bbox 1187 2322 1247 2394; x_wconf 86' lang='lat' dir='ltr'>Le·</span> 
     </span>
     <span class='ocr_line' id='line_1_21' title="bbox 179 2418 1245 2505; baseline -0.005 -13"><span class='ocrx_word' id='word_1_149' title='bbox 179 2442 182 2458; x_wconf 82' lang='lat'>¹</span> <span class='ocrx_word' id='word_1_150' title='bbox 237 2421 323 2492; x_wconf 91' lang='lat' dir='ltr'>dum</span> <span class='ocrx_word' id='word_1_151' title='bbox 350 2418 507 2500; x_wconf 84' lang='lat' dir='ltr'>flumen,</span> <span class='ocrx_word' id='word_1_152' title='bbox 535 2419 703 2492; x_wconf 85' lang='lat' dir='ltr'>callellutn</span> <span class='ocrx_word' id='word_1_153' title='bbox 738 2421 885 2505; x_wconf 86' lang='lat' dir='ltr'>Latara,</span> <span class='ocrx_word' id='word_1_154' title='bbox 919 2419 1041 2497; x_wconf 86' lang='lat' dir='ltr'>Mesua</span> <span class='ocrx_word' id='word_1_155' title='bbox 1071 2423 1169 2494; x_wconf 89' lang='lat' dir='ltr'>collis</span> <span class='ocrx_word' id='word_1_156' title='bbox 1200 2421 1245 2488; x_wconf 91' lang='lat' dir='ltr'>in·</span> 
     </span>
     <span class='ocr_line' id='line_1_22' title="bbox 237 2513 1246 2631; baseline 0 -43"><span class='ocrx_word' id='word_1_157' title='bbox 237 2516 483 2631; x_wconf 77' lang='lat' dir='ltr'>cindiustnari</span> <span class='ocrx_word' id='word_1_158' title='bbox 505 2541 589 2610; x_wconf 86' lang='lat' dir='ltr'>pene</span> <span class='ocrx_word' id='word_1_159' title='bbox 619 2519 799 2610; x_wconf 90' lang='lat' dir='ltr'>undique,</span> <span class='ocrx_word' id='word_1_160' title='bbox 825 2542 862 2590; x_wconf 86' lang='lat' dir='ltr'>ac</span> <span class='ocrx_word' id='word_1_161' title='bbox 896 2513 955 2586; x_wconf 84' lang='lat' dir='ltr'>nist</span> <span class='ocrx_word' id='word_1_162' title='bbox 983 2520 1078 2610; x_wconf 89' lang='lat' dir='ltr'>quod</span> <span class='ocrx_word' id='word_1_163' title='bbox 1111 2515 1246 2614; x_wconf 81' lang='lat' dir='ltr'>angullo</span> 
     </span>
     <span class='ocr_line' id='line_1_23' title="bbox 235 2613 1249 2806; baseline 0.001 -25"><span class='ocrx_word' id='word_1_164' title='bbox 235 2636 367 2783; x_wconf 60' lang='lat' dir='ltr'>letti?</span> <span class='ocrx_word' id='word_1_165' title='bbox 378 2613 1249 2806; x_wconf 51' lang='lat' dir='ltr'>dlslllfflslllllllz.slsisfflsllsn</span> 
     </span>
     <span class='ocr_line' id='line_1_24' title="bbox 234 2807 1248 2904; baseline -0.001 -24"><span class='ocrx_word' id='word_1_166' title='bbox 234 2807 385 2902; x_wconf 86' lang='lat' dir='ltr'>Blyteras</span> <span class='ocrx_word' id='word_1_167' title='bbox 413 2809 519 2882; x_wconf 91' lang='lat' dir='ltr'>Obris</span> <span class='ocrx_word' id='word_1_168' title='bbox 543 2807 625 2881; x_wconf 86' lang='lat' dir='ltr'>fluit.</span> <span class='ocrx_word' id='word_1_169' title='bbox 676 2809 767 2882; x_wconf 81' lang='lat' dir='ltr'>Atax</span> <span class='ocrx_word' id='word_1_170' title='bbox 788 2832 831 2880; x_wconf 83' lang='lat' dir='ltr'>ex</span> <span class='ocrx_word' id='word_1_171' title='bbox 855 2809 1018 2904; x_wconf 80' lang='lat' dir='ltr'>Pyrenaeo</span> <span class='ocrx_word' id='word_1_172' title='bbox 1056 2831 1172 2883; x_wconf 86' lang='lat' dir='ltr'>monte</span> <span class='ocrx_word' id='word_1_173' title='bbox 1200 2810 1248 2879; x_wconf 90' lang='lat' dir='ltr'>di·</span> 
     </span>
     <span class='ocr_line' id='line_1_25' title="bbox 233 2903 1246 3000; baseline 0.001 -25"><span class='ocrx_word' id='word_1_174' title='bbox 233 2903 393 3000; x_wconf 83' lang='lat' dir='ltr'>gressus,</span> <span class='ocrx_word' id='word_1_175' title='bbox 426 2932 490 3000; x_wconf 87' lang='lat' dir='ltr'>qua</span> <span class='ocrx_word' id='word_1_176' title='bbox 517 2903 565 2976; x_wconf 92' lang='lat' dir='ltr'>sui</span> <span class='ocrx_word' id='word_1_177' title='bbox 601 2905 703 2985; x_wconf 86' lang='lat' dir='ltr'>sontis</span> <span class='ocrx_word' id='word_1_178' title='bbox 726 2905 818 2998; x_wconf 88' lang='lat' dir='ltr'>aquis</span> <span class='ocrx_word' id='word_1_179' title='bbox 844 2905 969 2984; x_wconf 90' lang='lat' dir='ltr'>venit,</span> <span class='ocrx_word' id='word_1_180' title='bbox 997 2907 1161 3000; x_wconf 86' lang='lat' dir='ltr'>exiguus,</span> <span class='ocrx_word' id='word_1_181' title='bbox 1186 2929 1246 2977; x_wconf 86' lang='lat' dir='ltr'>va·</span> 
     </span>
     <span class='ocr_line' id='line_1_26' title="bbox 233 2999 1245 3100; baseline 0.002 -27"><span class='ocrx_word' id='word_1_182' title='bbox 233 3001 398 3093; x_wconf 83' lang='lat' dir='ltr'>dolusque</span> <span class='ocrx_word' id='word_1_183' title='bbox 424 3004 500 3084; x_wconf 85' lang='lat' dir='ltr'>esi,</span> <span class='ocrx_word' id='word_1_184' title='bbox 525 2999 562 3077; x_wconf 67' lang='grc' dir='ltr'>ὅ(</span> <span class='ocrx_word' id='word_1_185' title='bbox 587 3001 719 3100; x_wconf 88' lang='lat' dir='ltr'>ingenti</span> <span class='ocrx_word' id='word_1_186' title='bbox 742 3001 775 3076; x_wconf 89' lang='lat' dir='ltr'>se</span> <span class='ocrx_word' id='word_1_187' title='bbox 802 3002 950 3096; x_wconf 89' lang='lat' dir='ltr'>alioquin</span> <span class='ocrx_word' id='word_1_188' title='bbox 974 3002 1065 3077; x_wconf 82' lang='lat' dir='ltr'>alveo</span> <span class='ocrx_word' id='word_1_189' title='bbox 1096 3020 1245 3084; x_wconf 89' lang='lat' dir='ltr'>tenens,</span> 
     </span>
     <span class='ocr_line' id='line_1_27' title="bbox 230 3097 1248 3199; baseline 0.004 -30"><span class='ocrx_word' id='word_1_190' title='bbox 230 3097 292 3169; x_wconf 82' lang='lat' dir='ltr'>nili</span> <span class='ocrx_word' id='word_1_191' title='bbox 319 3099 380 3173; x_wconf 90' lang='lat' dir='ltr'>ubi</span> <span class='ocrx_word' id='word_1_192' title='bbox 395 3100 593 3172; x_wconf 88' lang='lat' dir='ltr'>Narbonem</span> <span class='ocrx_word' id='word_1_193' title='bbox 621 3103 773 3193; x_wconf 84' lang='lat' dir='ltr'>attingit,</span> <span class='ocrx_word' id='word_1_194' title='bbox 791 3100 957 3199; x_wconf 87' lang='lat' dir='ltr'>nusquam</span> <span class='ocrx_word' id='word_1_195' title='bbox 974 3097 1169 3196; x_wconf 81' lang='lat' dir='ltr'>navigabilis</span> <span class='ocrx_word' id='word_1_196' title='bbox 1192 3099 1248 3173; x_wconf 92' lang='lat' dir='ltr'>sed</span> 
     </span>
     <span class='ocr_line' id='line_1_28' title="bbox 229 3194 1248 3294; baseline 0.007 -28"><span class='ocrx_word' id='word_1_197' title='bbox 229 3219 312 3267; x_wconf 88' lang='lat' dir='ltr'>cum</span> <span class='ocrx_word' id='word_1_198' title='bbox 338 3194 498 3294; x_wconf 90' lang='lat' dir='ltr'>hybernis</span> <span class='ocrx_word' id='word_1_199' title='bbox 528 3196 687 3272; x_wconf 89' lang='lat' dir='ltr'>intumuit</span> <span class='ocrx_word' id='word_1_200' title='bbox 714 3197 908 3282; x_wconf 89' lang='lat' dir='ltr'>imbribus,</span> <span class='ocrx_word' id='word_1_201' title='bbox 936 3195 1041 3292; x_wconf 87' lang='lat' dir='ltr'>usque</span> <span class='ocrx_word' id='word_1_202' title='bbox 1070 3222 1114 3271; x_wconf 90' lang='lat' dir='ltr'>eo</span> <span class='ocrx_word' id='word_1_203' title='bbox 1138 3197 1248 3273; x_wconf 84' lang='lat' dir='ltr'>solitus</span> 
     </span>
     <span class='ocr_line' id='line_1_29' title="bbox 229 3288 1245 3391; baseline 0.009 -32"><span class='ocrx_word' id='word_1_204' title='bbox 229 3288 422 3386; x_wconf 86' lang='lat' dir='ltr'>insurgere,</span> <span class='ocrx_word' id='word_1_205' title='bbox 437 3313 476 3368; x_wconf 90' lang='lat' dir='ltr'>ut</span> <span class='ocrx_word' id='word_1_206' title='bbox 499 3292 531 3365; x_wconf 87' lang='lat' dir='ltr'>se</span> <span class='ocrx_word' id='word_1_207' title='bbox 555 3294 624 3386; x_wconf 86' lang='lat' dir='ltr'>ipse</span> <span class='ocrx_word' id='word_1_208' title='bbox 646 3316 715 3367; x_wconf 87' lang='lat' dir='ltr'>non</span> <span class='ocrx_word' id='word_1_209' title='bbox 738 3297 855 3391; x_wconf 83' lang='lat' dir='ltr'>capiat.</span> <span class='ocrx_word' id='word_1_210' title='bbox 895 3296 1004 3368; x_wconf 84' lang='lat' dir='ltr'>Lacus</span> <span class='ocrx_word' id='word_1_211' title='bbox 1024 3297 1149 3389; x_wconf 89' lang='lat' dir='ltr'>accipit</span> <span class='ocrx_word' id='word_1_212' title='bbox 1172 3322 1245 3373; x_wconf 87' lang='lat' dir='ltr'>eum</span> 
     </span>
     <span class='ocr_line' id='line_1_30' title="bbox 228 3383 1244 3487; baseline 0.009 -30"><span class='ocrx_word' id='word_1_213' title='bbox 228 3383 404 3463; x_wconf 88' lang='lat' dir='ltr'>Rubresus</span> <span class='ocrx_word' id='word_1_214' title='bbox 422 3390 584 3473; x_wconf 89' lang='lat' dir='ltr'>nomine,</span> <span class='ocrx_word' id='word_1_215' title='bbox 601 3390 763 3484; x_wconf 86' lang='lat' dir='ltr'>spaciosus</span> <span class='ocrx_word' id='word_1_216' title='bbox 779 3395 986 3476; x_wconf 83' lang='lat' dir='ltr'>admodum,</span> <span class='ocrx_word' id='word_1_217' title='bbox 999 3390 1057 3463; x_wconf 91' lang='lat' dir='ltr'>sed</span> <span class='ocrx_word' id='word_1_218' title='bbox 1074 3419 1139 3487; x_wconf 90' lang='lat' dir='ltr'>qua</span> <span class='ocrx_word' id='word_1_219' title='bbox 1158 3417 1244 3468; x_wconf 89' lang='lat' dir='ltr'>tuate</span> 
     </span>
     <span class='ocr_line' id='line_1_31' title="bbox 229 3485 1244 3571; baseline 0.009 -15"><span class='ocrx_word' id='word_1_220' title='bbox 229 3485 396 3571; x_wconf 86' lang='lat' dir='ltr'>admittit,</span> <span class='ocrx_word' id='word_1_221' title='bbox 423 3491 531 3562; x_wconf 88' lang='lat' dir='ltr'>tenuis</span> <span class='ocrx_word' id='word_1_222' title='bbox 550 3490 656 3566; x_wconf 79' lang='lat' dir='ltr'>aditu.</span> <span class='ocrx_word' id='word_1_223' title='bbox 688 3491 783 3565; x_wconf 91' lang='lat' dir='ltr'>Ultra</span> <span class='ocrx_word' id='word_1_224' title='bbox 807 3488 854 3560; x_wconf 85' lang='lat' dir='ltr'>eli</span> <span class='ocrx_word' id='word_1_225' title='bbox 877 3491 1021 3563; x_wconf 87' lang='lat' dir='ltr'>Leucata</span> <span class='ocrx_word' id='word_1_226' title='bbox 1046 3490 1169 3564; x_wconf 89' lang='lat' dir='ltr'>littoris</span> <span class='ocrx_word' id='word_1_227' title='bbox 1189 3517 1244 3565; x_wconf 88' lang='lat' dir='ltr'>no·</span> 
     </span>
     <span class='ocr_line' id='line_1_32' title="bbox 226 3584 1243 3674; baseline 0.014 -23"><span class='ocrx_word' id='word_1_228' title='bbox 226 3603 308 3654; x_wconf 85' lang='lat' dir='ltr'>men</span> <span class='ocrx_word' id='word_1_229' title='bbox 335 3584 371 3660; x_wconf 79' lang='lat' dir='ltr'>dc</span> <span class='ocrx_word' id='word_1_230' title='bbox 398 3585 531 3659; x_wconf 80' lang='lat' dir='ltr'>Salsusae</span> <span class='ocrx_word' id='word_1_231' title='bbox 551 3586 627 3659; x_wconf 85' lang='lat' dir='ltr'>sons</span> <span class='ocrx_word' id='word_1_232' title='bbox 656 3611 726 3661; x_wconf 91' lang='lat' dir='ltr'>non</span> <span class='ocrx_word' id='word_1_233' title='bbox 748 3585 931 3665; x_wconf 73' lang='lat' dir='ltr'>dulcibus,</span> <span class='ocrx_word' id='word_1_234' title='bbox 960 3585 1016 3660; x_wconf 92' lang='lat' dir='ltr'>sed</span> <span class='ocrx_word' id='word_1_235' title='bbox 1036 3587 1243 3674; x_wconf 83' lang='lat' dir='ltr'>salsioribus,</span> 
     </span>
     <span class='ocr_line' id='line_1_33' title="bbox 226 3682 1242 3781; baseline 0.008 -29"><span class='ocrx_word' id='word_1_236' title='bbox 226 3702 330 3770; x_wconf 88' lang='lat' dir='ltr'>quam</span> <span class='ocrx_word' id='word_1_237' title='bbox 363 3686 497 3774; x_wconf 79' lang='lat' dir='ltr'>rnariuae</span> <span class='ocrx_word' id='word_1_238' title='bbox 524 3682 611 3763; x_wconf 90' lang='lat' dir='ltr'>lint,</span> <span class='ocrx_word' id='word_1_239' title='bbox 641 3686 735 3776; x_wconf 90' lang='lat' dir='ltr'>aquis</span> <span class='ocrx_word' id='word_1_240' title='bbox 764 3683 921 3770; x_wconf 77' lang='lat' dir='ltr'>defluens.</span> <span class='ocrx_word' id='word_1_241' title='bbox 969 3684 1074 3766; x_wconf 82' lang='lat' dir='ltr'>Juxta</span> <span class='ocrx_word' id='word_1_242' title='bbox 1107 3711 1242 3781; x_wconf 87' lang='lat' dir='ltr'>campus</span> 
     </span>
     <span class='ocr_line' id='line_1_34' title="bbox 224 3779 1241 3877; baseline 0.013 -33"><span class='ocrx_word' id='word_1_243' title='bbox 224 3779 353 3848; x_wconf 84' lang='lat' dir='ltr'>minuta</span> <span class='ocrx_word' id='word_1_244' title='bbox 371 3783 553 3863; x_wconf 88' lang='lat' dir='ltr'>arundine,</span> <span class='ocrx_word' id='word_1_245' title='bbox 574 3782 759 3877; x_wconf 86' lang='lat' dir='ltr'>gracilique</span> <span class='ocrx_word' id='word_1_246' title='bbox 778 3781 975 3875; x_wconf 79' lang='lat' dir='ltr'>perviridis,</span> <span class='ocrx_word' id='word_1_247' title='bbox 996 3801 1163 3858; x_wconf 86' lang='lat' dir='ltr'>caeterum</span> <span class='ocrx_word' id='word_1_248' title='bbox 1187 3787 1241 3857; x_wconf 88' lang='lat' dir='ltr'>lla·</span> 
     </span>
     <span class='ocr_line' id='line_1_35' title="bbox 220 3873 1242 3977; baseline 0.013 -36"><span class='ocrx_word' id='word_1_249' title='bbox 220 3893 296 3966; x_wconf 83' lang='lat' dir='ltr'>gno</span> <span class='ocrx_word' id='word_1_250' title='bbox 325 3873 490 3949; x_wconf 85' lang='lat' dir='ltr'>subeunte</span> <span class='ocrx_word' id='word_1_251' title='bbox 520 3875 699 3970; x_wconf 83' lang='lat' dir='ltr'>suspensus.</span> <span class='ocrx_word' id='word_1_252' title='bbox 742 3875 786 3950; x_wconf 95' lang='lat' dir='ltr'>Id</span> <span class='ocrx_word' id='word_1_253' title='bbox 810 3877 993 3953; x_wconf 81' lang='lat' dir='ltr'>manifestat</span> <span class='ocrx_word' id='word_1_254' title='bbox 1025 3882 1141 3955; x_wconf 90' lang='lat' dir='ltr'>media</span> <span class='ocrx_word' id='word_1_255' title='bbox 1172 3904 1242 3977; x_wconf 87' lang='lat' dir='ltr'>pars</span> 
     </span>
     <span class='ocr_line' id='line_1_36' title="bbox 214 3969 1238 4074; baseline 0 -26"><span class='ocrx_word' id='word_1_256' title='bbox 214 3969 317 4067; x_wconf 67' lang='lat' dir='ltr'>elur,</span> <span class='ocrx_word' id='word_1_257' title='bbox 346 4001 426 4074; x_wconf 78' lang='lat' dir='ltr'>quae</span> <span class='ocrx_word' id='word_1_258' title='bbox 451 3973 585 4050; x_wconf 83' lang='lat' dir='ltr'>abscissa</span> <span class='ocrx_word' id='word_1_259' title='bbox 600 3975 789 4067; x_wconf 67' lang='lat' dir='ltr'>utoritrriu,</span> <span class='ocrx_word' id='word_1_260' title='bbox 805 3977 903 4048; x_wconf 77' lang='lat' dir='ltr'>uelut</span> <span class='ocrx_word' id='word_1_261' title='bbox 920 3975 1024 4049; x_wconf 90' lang='lat' dir='ltr'>insula</span> <span class='ocrx_word' id='word_1_262' title='bbox 1042 3997 1155 4060; x_wconf 89' lang='lat' dir='ltr'>natat,</span> <span class='ocrx_word' id='word_1_263' title='bbox 1173 3981 1238 4073; x_wconf 91' lang='lat' dir='ltr'>pel·</span> 
     </span>
    </p>
   </div>
   <div class='ocr_carea' id='block_1_3' title="bbox 184 4070 1275 4223">
    <p class='ocr_par' dir='ltr' id='par_1_3' title="bbox 184 4070 1275 4223">
     <span class='ocr_line' id='line_1_37' title="bbox 207 4070 1245 4180; baseline -0.015 -25"><span class='ocrx_word' id='word_1_264' title='bbox 207 4072 311 4176; x_wconf 82' lang='lat' dir='ltr'>lique</span> <span class='ocrx_word' id='word_1_265' title='bbox 336 4073 374 4156; x_wconf 89' lang='lat' dir='ltr'>se</span> <span class='ocrx_word' id='word_1_266' title='bbox 404 4098 512 4180; x_wconf 83' lang='lat' dir='ltr'>atque</span> <span class='ocrx_word' id='word_1_267' title='bbox 532 4072 658 4153; x_wconf 83' lang='lat' dir='ltr'>atttalti</span> <span class='ocrx_word' id='word_1_268' title='bbox 675 4071 826 4166; x_wconf 58' lang='lat' dir='ltr'>buitur,</span> <span class='ocrx_word' id='word_1_269' title='bbox 842 4070 1187 4176; x_wconf 49' lang='lat' dir='ltr'>uuubtex‘ttsuon</span> <span class='ocrx_word' id='word_1_270' title='bbox 1199 4074 1245 4139; x_wconf 70' lang='lat' dir='ltr'>td</span> 
     </span>
     <span class='ocr_line' id='line_1_38' title="bbox 184 4180 1275 4223; baseline -0.01 8"><span class='ocrx_word' id='word_1_271' title='bbox 184 4204 189 4211; x_wconf 95' lang='lat'>·</span> <span class='ocrx_word' id='word_1_272' title='bbox 1012 4201 1023 4213; x_wconf 40' lang='grc' dir='ltr'>ἱ</span> <span class='ocrx_word' id='word_1_273' title='bbox 1167 4180 1275 4223; x_wconf 61' lang='lat' dir='ltr'>mm</span> 
     </span>
    </p>
   </div>
   <div class='ocr_carea' id='block_1_4' title="bbox 160 4320 226 4388">
    <p class='ocr_par' dir='ltr' id='par_1_4' title="bbox 160 4320 226 4388">
     <span class='ocr_line' id='line_1_39' title="bbox 160 4320 226 4388; baseline 0 -55"><span class='ocrx_word' id='word_1_274' title='bbox 160 4320 226 4388; x_wconf 41' lang='lat' dir='ltr'>h.</span> 
     </span>
    </p>
   </div>
   <div class='ocr_carea' id='block_1_5' title="bbox 0 0 1434 4709">
    <p class='ocr_par' dir='ltr' id='par_1_5' title="bbox 0 0 1434 4709">
     <span class='ocr_line' id='line_1_40' title="bbox 0 0 1434 4709; baseline 0 6"><span class='ocrx_word' id='word_1_275' title='bbox 0 0 1434 4709; x_wconf 95' lang='lat' dir='ltr'> </span> 
     </span>
    </p>
   </div>
  </div>
 </body>
</html>
