2859 4709
250 425 324 506 mo
457 401 1042 485 Annonanrouua
1178 403 1238 476 α’

297 546 462 645 Sanguine
483 545 637 645 placastis
659 569 795 639 ventos,
825 548 866 627 (7
892 551 1020 648 virgine
1049 547 1172 639 caesai·
1248 618 1250 621 ,

248 676 294 751 Et
321 680 423 751 Ovid.
443 698 498 754 12.
523 681 664 749 Metam.

299 803 383 878 218.
410 799 667 896 Naupliadaeque
693 799 822 893 modo.)
843 800 1032 872 Palamedes
1051 792 1193 888 Nauplii
1213 797 1252 870 fi-

248 897 315 972 lius
339 898 476 968 crimine
501 896 579 968 ficio
603 897 643 968 ab
664 896 798 994 Ulylle‚
821 899 913 991 quod
933 919 1050 968 aurum
1074 893 1093 966 ia
1120 893 1255 968 Priamo

251 992 456 1086 accepisset,
492 991 652 1084 lapidibus
681 995 728 1065 est
755 994 925 1065 obrutus:
963 992 1026 1064 late
1063 992 1201 1065 Servius
1217 1013 1253 1072 z.

252 1093 396 1172 AEnrid„
416 1091 449 1159 iu
467 1089 547 1160 illo:
575 1091 699 1163 Betiaae
722 1115 835 1162 nornen
852 1091 1047 1162 Palamedis·
1141 1095 1159 1126 ²

300 1191 382 1263 218.
409 1188 568 1258 AEtlralon
583 1210 618 1256 ur
631 1189 703 1259 vira
723 1186 870 1280 spoliavit
883 1183 1002 1278 Ijidius
1018 1184 1155 1281 hospes.)
1166 1185 1256 1260 Ver-

251 1280 305 1355 sus
333 1285 491 1355 claudicat
516 1281 547 1352 in
574 1307 659 1354 voce
683 1279 813 1376 lfidius.
851 1281 912 1375 Ifis
938 1282 1050 1368 enim,
1070 1281 1253 1377 &Iliacus

251 1379 392 1470 primam
414 1380 593 1469 producit,
615 1379 727 1472 itaque
749 1382 840 1452 aliter
864 1379 1117 1475 legendum&
1135 1381 1256 1452 AEtlru·

167 1507 170 1510 ⁴
252 1475 306 1546 lon
330 1475 410 1546 nihil
437 1472 504 1554 eu,
527 1475 615 1545 aliud
639 1481 866 1568 quarendum.
931 1551 933 1554 ,
1119 1483 1120 1487 ’

302 1576 386 1649 218.
416 1572 521 1667 thue
534 1573 761 1645 Melanrleum
778 1573 948 1664 tenebris.)
971 1573 1043 1646 Hic
1057 1569 1175 1645 frullra
1190 1569 1257 1644 suut

254 1683 552 1745 commentatores.
580 1694 680 1761 quare
705 1671 794 1740 aliud
821 1673 1063 1763 quarendum:
1093 1667 1148 1740 led
1176 1692 1257 1740 con·

253 1765 350 1837 neaie
376 1764 454 1841 huic
481 1763 619 1838 disticho
647 1765 727 1838 illud
752 1765 912 1860 sequens,
939 1770 1068 1843 Sictna
1083 1766 1258 1860 conjeilis,

255 1880 327 1933 caet.

245 1984 248 1990 ·
303 1959 384 2035 218·
414 1954 534 2050 Qualis
557 1957 646 2053 equis
661 1957 796 2052 podiis.)
821 1959 926 2031 Ovid.
950 1960 983 2029 in
997 1954 1158 2052 Epistola:
1177 1959 1259 2030 Ret-

254 2054 349 2133 tulit,
368 2052 408 2128 Θ
416 2055 512 2146 ferro
526 2054 681 2138 Rhoesum
693 2057 884 2150 Dolonaque
907 2056 1023 2142 caesos.¹
1050 2057 1168 2126 Dolon
1187 2053 1260 2145 spe-

255 2154 401 2224 culatum
421 2149 530 2224 millus
554 2148 572 2222 ir
588 2153 746 2242 Troianis
761 2155 861 2243 pactis
884 2155 978 2242 equis
995 2150 1151 2229 Achillis,
1171 2149 1262 2218 occi·

254 2247 307 2330 sus
334 2248 437 2331 noalu
470 2245 519 2321 est
543 2247 583 2318 ab
621 2245 755 2343 Ulylle:
781 2273 825 2326 ex
854 2247 964 2320 Hom.
1005 2249 1102 2320 iliad.
1144 2244 1259 2318 Rhael'

254 2341 423 2415 historiam
449 2360 554 2414 narrat
573 2345 707 2417 Servius
725 2346 758 2413 in
777 2344 836 2416 illo
855 2346 988 2418 AEneid.
1005 2364 1037 2417 1.
1153 2351 1156 2356 ’

353 2471 427 2542 Nec
449 2457 566 2564 procul
594 2472 675 2560 ln'nc
692 2466 822 2563 Rhoefi.
847 2485 919 2543 caet.

304 2593 388 2671 218.
415 2590 524 2684 Quam
544 2617 623 2688 qnos
648 2616 719 2662 cnm
742 2591 912 2684 Rutulos.)
941 2587 1065 2670 Nisus,
1080 2587 1118 2662 ἃ
1135 2593 1263 2691 Eurya-

255 2688 306 2760 lus
323 2689 447 2761 multos
464 2688 671 2761 Rutulorum
692 2689 861 2778 opprellos
882 2691 998 2760 l'omno
1015 2684 1264 2763 interfecerunt.

257 2785 426 2877 Virgilius
453 2785 508 2855 lid.
524 2808 557 2880 9.
592 2784 747 2859 AEneid..
833 2849 836 2852 ,

234 2880 241 2893 ⁴
305 2884 391 2958 218.
416 2881 676 2978 Cliniadaeqne.)
704 2878 918 2967 Alcibiaden,
944 2905 1048 2974 quum
1070 2879 1168 2954 vivus
1201 2904 1267 2952 non

257 2976 362 3072 pollet
388 2977 655 3068 comprehendi,
688 2977 759 3072 igni
787 2980 891 3051 domo
919 2977 1105 3049 circundata
1136 2977 1266 3048 interiit.

151 3154 154 3162 7
257 3075 404 3157 Jullinus
428 3074 482 3144 lid.
500 3091 530 3167 ς.
571 3075 696 3146 Plutar.
727 3075 801 3146 telis
832 3074 993 3146 obrutum
1016 3071 1169 3144 interiille
1195 3097 1268 3145 nar·

256 3191 316 3244 rat.
341 3170 393 3242 alii
416 3169 552 3262 legunt,
581 3169 820 3270 Clytiadaeqne‚
841 3170 877 3244 ἃ
902 3172 943 3240 de
970 3169 1040 3243 filio
1067 3168 1192 3263 Clytiae
1216 3193 1266 3243 ta-

257 3271 320 3340 diis
341 3264 500 3338 solaribus
520 3266 695 3338 combullo
718 3266 997 3358 interpretantur,
1024 3263 1077 3337 sed
1093 3263 1223 3338 frustra.

307 3365 391 3440 218.
418 3365 523 3458 thue
548 3364 649 3435 Remu
677 3365 819 3456 muros.)
844 3363 981 3437 Lucano
1009 3363 1063 3434 lib.
1082 3378 1115 3433 1.

310 3493 467 3561 Fraterno
489 3487 587 3583 primi
611 3485 801 3559 maduerunt
819 3486 982 3582 sanguine
1007 3487 1102 3558 muri.

257 3618 346 3692 Hac
369 3635 446 3690 nota
472 3615 544 3691 sunt
572 3639 614 3711 ex
644 3613 776 3698 Livio,
807 3613 928 3688 Plutar.
960 3613 997 3689 dc
1023 3612 1169 3709 Dionys.
1199 3612 1271 3685 Ha·

259 3716 374 3790 licarn.

311 3816 391 3891 218.
416 3813 561 3909 Denique
587 3809 802 3885 Sarmaticas.
837 3811 1024 3887 Sarmatas,
1047 3830 1132 3902 quos
1160 3800 1274 3909 Gracci

259 3911 469 3988 Sauromatas
492 3926 639 3987 vocant,
666 3902 738 3975 sunt
766 3906 911 4001 Scythiae
945 3908 1089 3997 populi13
1121 3920 1209 3973 tama
1237 3901 1276 3966 irs

191 4090 193 4097 ¹
259 4006 305 4080 ell
328 4003 493 4082 barbaries
519 4025 556 4091 ut
581 4025 698 4104 pacem
722 4024 791 4082 nou
822 4000 1033 4100 intelligant';
1054 3993 1278 4171 ibidemcsug

332 4152 335 4157 ·
1220 4115 1237 4164 e
