2859 4709
264 455 1069 608 3¹92sPontaoat11'ann1

558 649 853 736 CAPUT
909 651 970 736 X.

331 872 334 877 ·
450 808 1030 934 'AE‘rsarortaf

258 1000 266 1011 ’
386 997 540 1094 Thiopes
562 999 646 1074 uitri
665 996 783 1070 sedent.
821 1000 979 1072 Mero‘c'ni
998 993 1114 1068 habent
1131 978 1249 1068 terrain

217 1174 221 1180 ,
403 1114 503 1195 quatu
523 1096 623 1177 Nilus
645 1096 755 1187 primo
773 1097 901 1169 ambitu
928 1094 1100 1186 ampiexus
1119 1090 1250 1163 insulam

262 1196 357 1269 facita
380 1216 452 1289 pets
472 1194 546 1285 quia
563 1195 641 1265 vitae
665 1190 806 1282 spacium
827 1192 967 1263 dimidio
989 1191 1063 1260 fere
1083 1187 1179 1283 qu'am
1195 1211 1252 1260 nos·

260 1292 403 1387 longius·
412 1286 535 1384 agunt,
558 1285 748 1372 Macrobii3
772 1310 845 1379 pars
868 1290 944 1378 quia
963 1310 1007 1357 ex
1028 1286 1183 1382 AEgypto
1201 1288 1249 1357 ad·

247 1406 403 1481 creuere,
422 1388 499 1454 dieti
523 1381 743 1462 Automolae,
768 1381 897 1475 pulchri
921 1383 1056 1465 forma,
1078 1387 1167 1475 aequi
1186 1404 1249 1452 cor·

258 1484 349 1573 poris
372 1496 386 1564 3
417 1499 603 1572 parumque
631 1480 881 1561 veneratiores,
914 1481 1020 1552 veluti
1058 1483 1248 1572 optimarum

255 1574 576 1647 alumni'virtutum.
628 1575 670 1646 In
694 1576 756 1645 illis
778 1600 855 1648 mos
876 1573 947 1658 est,
970 1577 1026 1647 cui
1052 1575 1250 1665 potiffimunr

249 1688 413 1793 pateant,
440 1670 544 1763 specie
574 1694 611 1741 ac
643 1671 767 1743 viribus
789 1674 909 1768 legere.
957 1673 1062 1764 Apud
1096 1670 1161 1744 hos
1188 1673 1251 1765 piur-

257 1764 351 1853 auri,
375 1791 474 1860 quam
498 1768 570 1840 aeris
593 1765 665 1845 est,
692 1767 768 1838 ideo
789 1771 879 1863 quod
902 1769 1012 1840 minus
1035 1766 1110 1848 est,
1132 1768 1245 1862 precio·

248 1865 322 1939 {ius
339 1862 480 1937 censent.
517 1865 599 1936 AEre
622 1883 845 1949 exornantur,
862 1890 940 1939 auro
960 1864 1096 1936 vincula
1116 1864 1246 1937 fontium

238 2044 240 2049 ,
257 1963 427 2036 fabricant.
451 1957 508 2032 Est
526 1962 618 2034 locus
636 1964 795 2052 apparatis
819 1963 922 2056 epulis
945 1957 1076 2052 semper
1096 1961 1249 2041 refertus,-

256 2057 512 2152 &quibussibet
532 2056 620 2130 vesci
641 2059 828 2131 volentibus
848 2061 921 2131 licet
944 2053 1007 2128 iata
1030 2057 1180 2150 τράπεζα
1199 2083 1245 2153 ap·

257 2158 404 2248 pellant,
428 2153 465 2230 &
489 2177 561 2247 quae
583 2135 864 2249 paffimsappofita
888 2154 982 2237 sunt,
1007 2154 1175 2230 affirmant
1195 2150 1251 2227 ini

257 2253 343 2324 nasci
367 2251 506 2326 subinde
529 2252 694 2324 divinitus.
733 2251 789 2323 Est
813 2254 900 2327 lacus
923 2278 994 2347 quo
1015 2252 1149 2345 perfusa
1178 2277 1242 2324 cor·

256 2371 339 2439 pora
363 2347 451 2442 quast
474 2346 572 2419 uncta
595 2348 781 2439 pernicem,
810 2349 934 2422 bibitur
957 2351 1072 2426 idem,
1101 2347 1185 2422 aded
1206 2348 1248 2420 est·

256 2447 418 2540 liquidus,
439 2442 476 2518 δι
497 2444 538 2513 ad
562 2442 742 2518 sustinenda
765 2471 837 2539 quae
859 2448 1024 2528 incidunt,
1050 2467 1110 2517 aur
1130 2448 1243 2517 immit·

256 2559 370 2616 tutatur
389 2540 556 2619 infirmus,
579 2560 616 2614 ut
638 2542 831 2614 foliaetiam
854 2543 1013 2636 proximis
1036 2542 1144 2614 decisa
1160 2541 1243 2612 fron·

256 2640 376 2721 dibus,
399 2662 466 2710 non
489 2638 660 2711 innatantia
684 2639 790 2723 ferat,
823 2640 877 2713 sed
903 2638 1027 2732 peffnm
1053 2638 1093 2713 ὅ(
1120 2640 1247 2733 penitus

255 2739 403 2828 accipiat.
446 2737 527 2806 Sunt
552 2733 587 2806 dt
612 2734 789 2809 saeviffimae
811 2739 890 2808 ferae
912 2740 1005 2809 omni
1025 2736 1143 2807 cotore
1169 2738 1242 2808 varii

253 2832 447 2929 Lycaones,
461 2831 497 2907 dt
511 2833 620 2922 quales
640 2833 825 2925 accepimus
846 2833 1017 2930 Sphingos.
1051 2833 1137 2904 Sunt
1155 2834 1245 2904 mitat

254 2951 331 3001 aves
353 2948 497 3002 cornutae
516 2928 818 3025 Tragopomones,
832 2931 867 3004 ὅ(
881 2934 1006 3025 equinis
1030 2928 1166 3001 auribus
1183 2931 1241 3005 Pe«

254 3022 332 3120 gali.
355 3026 539 3098 'Ceterum
563 3049 635 3100 oras
652 3032 692 3099 ad
705 3029 831 3100 Eurum
855 3025 1060 3118 sequentibus
1076 3023 1157 3093 nihii
1175 3049 1246 3096 me«
1281 3046 1283 3051 ·

234 3184 237 3191 .
254 3121 417 3195 motabile
434 3124 596 3200 occurrit,
612 3124 698 3196 vasta
721 3127 830 3197 omnia
849 3125 945 3198 vastis
968 3119 1100 3216 precisa
1119 3123 1246 3191 monti·-

252 3217 337 3302 bus,
354 3222 434 3311 ripae
452 3220 561 3307 potius
579 3219 668 3304 sunt,
692 3247 790 3314 quam
814 3223 930 3294 littora.
963 3223 1050 3291 Inde'
1073 3220 1192 3312 ingens
1207 3216 1243 3290 δι
1281 3228 1283 3239 ¹

252 3314 320 3386 stne
334 3315 515 3390 cuitoribus
531 3318 650 3391 trafiius
664 3319 802 3393 dubium
822 3319 1007 3412 aliquandiu
1021 3316 1106 3392 fuit,
1125 3313 1247 3386 effetne'
1280 3386 1282 3419 4

231 3411 334 3486 *oltra
360 3414 512 3508 pelagus:
539 3431 710 3504 caperetne
729 3437 813 3488 terra
829 3418 1022 3494 circuitum,
1044 3437 1087 3482 an
1111 3409 1240 3490 exusta,

217 3554 222 3564 ι
245 3508 331 3582 'astu
351 3509 417 3583 fine
434 3511 501 3583 fine
514 3513 624 3584 Africa
643 3513 675 3584 se
695 3517 906 3586 extenderet:
927 3535 1048 3582 verum
1063 3510 1101 3584 ὅ(
1117 3508 1243 3581 Hanno

205 3678 210 3689 ,
243 3600 515 3706 'Carthagineniis
543 3611 751 3702 exploratum
778 3612 889 3685 missus
919 3607 937 3680 it
969 3607 1033 3681 suis
1042 3616 1061 3689 ‚'
1082 3631 1162 3702 cum
1184 3622 1245 3699 per

251 3708 366 3778 oceani
394 3709 473 3782 ostia
497 3706 631 3789 exisset,
656 3732 814 3803 magnam
844 3728 971 3801 partem
1001 3705 1073 3798 eius
1101 3705 1241 3777 circum·

250 3805 388 3887 vectus,
409 3830 477 3876 non
500 3803 532 3875 se
555 3807 656 3886 mari,
679 3805 733 3877 sed
751 3825 942 3880 commeatu
964 3799 1121 3874 defecisse
1146 3828 1245 3874 eom¹

248 3902 412 3977 mentatio
435 3903 602 3976 retulerat:
623 3903 658 3976 dc
681 3908 845 3978 Eudoxus
864 3903 995 3998 quidam
1015 3923 1160 3972 avorum
1184 3924 1246 3977 not

240 3998 395 4080 dirorum
414 4000 628 4098 temptandam
645 4000 724 4074 ciam
735 4000 924 4093 Remorum
939 3999 1074 4090 Regem
1097 3998 1236 4071 Alexan·

236 4108 329 4193 driae
363 4109 604 4212 profugeret,
640 4096 788 4175 dstaia'teu
806 4092 883 4162 itnu
909 4089 1079 4205 ememus,
1103 4093 1277 4262 ’,ἓξὲξ

1219 4220 1251 4258 b
