<?xml version="1.0" encoding="UTF-8"?>
<!DOCTYPE html PUBLIC "-//W3C//DTD XHTML 1.0 Transitional//EN"
    "http://www.w3.org/TR/xhtml1/DTD/xhtml1-transitional.dtd">
<html xmlns="http://www.w3.org/1999/xhtml" xml:lang="en" lang="en">
 <head>
  <title>
</title>
<meta http-equiv="Content-Type" content="text/html;charset=utf-8" />
  <meta name='ocr-system' content='tesseract 3.04.00' />
  <meta name='ocr-capabilities' content='ocr_page ocr_carea ocr_par ocr_line ocrx_word'/>
</head>
<body>
  <div class='ocr_page' id='page_1' title='image "./operaomniaunacu00siscgoog/operaomniaunacu00siscgoog_0453.png"; bbox 0 0 2859 4709; ppageno 0'>
   <div class='ocr_carea' id='block_1_1' title="bbox 261 410 915 512">
    <p class='ocr_par' dir='ltr' id='par_1_1' title="bbox 261 410 915 512">
     <span class='ocr_line' id='line_1_1' title="bbox 261 410 915 512; baseline -0.009 -19"><span class='ocrx_word' id='word_1_1' title='bbox 261 418 332 512; x_wconf 78' lang='lat'>&#39;448</span> <span class='ocrx_word' id='word_1_2' title='bbox 606 410 915 487; x_wconf 68' lang='lat' dir='ltr'>senoni·</span> 
     </span>
    </p>
   </div>
   <div class='ocr_carea' id='block_1_2' title="bbox 190 532 1261 3742">
    <p class='ocr_par' dir='ltr' id='par_1_2' title="bbox 248 532 1261 1503">
     <span class='ocr_line' id='line_1_2' title="bbox 258 532 1259 635; baseline -0.007 -25"><span class='ocrx_word' id='word_1_3' title='bbox 258 554 312 610; x_wconf 89' lang='lat' dir='ltr'>tus</span> <span class='ocrx_word' id='word_1_4' title='bbox 336 532 480 628; x_wconf 81' lang='lat' dir='ltr'>sperabat</span> <span class='ocrx_word' id='word_1_5' title='bbox 502 535 598 612; x_wconf 65' lang='lat' dir='ltr'>foret</span> <span class='ocrx_word' id='word_1_6' title='bbox 620 551 656 605; x_wconf 92' lang='lat' dir='ltr'>ut</span> <span class='ocrx_word' id='word_1_7' title='bbox 685 536 837 610; x_wconf 89' lang='lat' dir='ltr'>divinum</span> <span class='ocrx_word' id='word_1_8' title='bbox 861 534 997 632; x_wconf 84' lang='lat' dir='ltr'>aliquod</span> <span class='ocrx_word' id='word_1_9' title='bbox 1021 560 1159 610; x_wconf 89' lang='lat' dir='ltr'>carmen</span> <span class='ocrx_word' id='word_1_10' title='bbox 1186 552 1259 635; x_wconf 59' lang='lat' dir='ltr'>pers</span> 
     </span>
     <span class='ocr_line' id='line_1_3' title="bbox 258 633 1258 727; baseline 0.008 -22"><span class='ocrx_word' id='word_1_11' title='bbox 258 633 353 708; x_wconf 81' lang='lat' dir='ltr'>eullae</span> <span class='ocrx_word' id='word_1_12' title='bbox 374 633 456 704; x_wconf 77' lang='lat' dir='ltr'>fides</span> <span class='ocrx_word' id='word_1_13' title='bbox 477 635 686 727; x_wconf 75' lang='lat' dir='ltr'>rel&#39;onarent,</span> <span class='ocrx_word' id='word_1_14' title='bbox 709 658 779 725; x_wconf 90' lang='lat' dir='ltr'>quo</span> <span class='ocrx_word' id='word_1_15' title='bbox 799 636 936 709; x_wconf 74' lang='lat' dir='ltr'>cunelos</span> <span class='ocrx_word' id='word_1_16' title='bbox 961 657 1200 727; x_wconf 83' lang='lat' dir='ltr'>permoveret,</span> <span class='ocrx_word' id='word_1_17' title='bbox 1222 635 1258 713; x_wconf 86' lang='lat'>&amp;</span> 
     </span>
     <span class='ocr_line' id='line_1_4' title="bbox 255 727 1260 823; baseline 0.007 -22"><span class='ocrx_word' id='word_1_18' title='bbox 255 733 356 804; x_wconf 80' lang='lat' dir='ltr'>animi</span> <span class='ocrx_word' id='word_1_19' title='bbox 385 727 545 814; x_wconf 54' lang='lat' dir='ltr'>alieuius,</span> <span class='ocrx_word' id='word_1_20' title='bbox 574 755 641 823; x_wconf 90' lang='lat' dir='ltr'>quo</span> <span class='ocrx_word' id='word_1_21' title='bbox 664 731 785 809; x_wconf 75' lang='lat' dir='ltr'>vellet,</span> <span class='ocrx_word' id='word_1_22' title='bbox 812 734 1016 806; x_wconf 81' lang='lat' dir='ltr'>traduceret:</span> <span class='ocrx_word' id='word_1_23' title='bbox 1043 751 1081 806; x_wconf 89' lang='lat' dir='ltr'>ut</span> <span class='ocrx_word' id='word_1_24' title='bbox 1106 733 1175 806; x_wconf 89' lang='lat' dir='ltr'>hoc</span> <span class='ocrx_word' id='word_1_25' title='bbox 1200 758 1260 808; x_wconf 88' lang='lat' dir='ltr'>uo·</span> 
     </span>
     <span class='ocr_line' id='line_1_5' title="bbox 255 826 1261 919; baseline 0.005 -19"><span class='ocrx_word' id='word_1_26' title='bbox 255 831 347 900; x_wconf 85' lang='lat' dir='ltr'>mine</span> <span class='ocrx_word' id='word_1_27' title='bbox 365 827 479 899; x_wconf 80' lang='lat' dir='ltr'>beatus</span> <span class='ocrx_word' id='word_1_28' title='bbox 498 826 673 899; x_wconf 74' lang='lat' dir='ltr'>haberetur</span> <span class='ocrx_word' id='word_1_29' title='bbox 689 827 823 919; x_wconf 86' lang='lat' dir='ltr'>Orphei</span> <span class='ocrx_word' id='word_1_30' title='bbox 841 829 981 900; x_wconf 86' lang='lat' dir='ltr'>mustces</span> <span class='ocrx_word' id='word_1_31' title='bbox 1002 827 1119 902; x_wconf 66' lang='lat' dir='ltr'>hares.</span> <span class='ocrx_word' id='word_1_32' title='bbox 1165 835 1261 907; x_wconf 86' lang='lat' dir='ltr'>Dum</span> 
     </span>
     <span class='ocr_line' id='line_1_6' title="bbox 254 922 1259 1023; baseline 0.005 -27"><span class='ocrx_word' id='word_1_33' title='bbox 254 922 328 996; x_wconf 76' lang='lat' dir='ltr'>hac</span> <span class='ocrx_word' id='word_1_34' title='bbox 353 926 444 1017; x_wconf 74' lang='lat' dir='ltr'>igit,</span> <span class='ocrx_word' id='word_1_35' title='bbox 469 926 567 996; x_wconf 81' lang='lat' dir='ltr'>vicini</span> <span class='ocrx_word' id='word_1_36' title='bbox 589 946 705 1004; x_wconf 82' lang='lat' dir='ltr'>canes,</span> <span class='ocrx_word' id='word_1_37' title='bbox 728 927 788 1017; x_wconf 89' lang='lat' dir='ltr'>qui</span> <span class='ocrx_word' id='word_1_38' title='bbox 813 924 848 997; x_wconf 91' lang='lat' dir='ltr'>in</span> <span class='ocrx_word' id='word_1_39' title='bbox 870 927 930 998; x_wconf 89' lang='lat' dir='ltr'>illo</span> <span class='ocrx_word' id='word_1_40' title='bbox 958 927 1036 998; x_wconf 91' lang='lat' dir='ltr'>loco</span> <span class='ocrx_word' id='word_1_41' title='bbox 1063 948 1157 1001; x_wconf 82' lang='lat' dir='ltr'>erant</span> <span class='ocrx_word' id='word_1_42' title='bbox 1178 931 1259 1023; x_wconf 86' lang='lat' dir='ltr'>plu-</span> 
     </span>
     <span class='ocr_line' id='line_1_7' title="bbox 254 1019 1257 1114; baseline 0.004 -21"><span class='ocrx_word' id='word_1_43' title='bbox 254 1022 349 1098; x_wconf 77' lang='lat' dir='ltr'>rimi,</span> <span class='ocrx_word' id='word_1_44' title='bbox 370 1021 505 1114; x_wconf 83' lang='lat' dir='ltr'>strepitu</span> <span class='ocrx_word' id='word_1_45' title='bbox 525 1019 626 1091; x_wconf 83' lang='lat' dir='ltr'>exciti</span> <span class='ocrx_word' id='word_1_46' title='bbox 643 1039 790 1103; x_wconf 83' lang='lat' dir='ltr'>coeunt,</span> <span class='ocrx_word' id='word_1_47' title='bbox 805 1046 843 1094; x_wconf 86' lang='lat' dir='ltr'>ac</span> <span class='ocrx_word' id='word_1_48' title='bbox 867 1022 1035 1095; x_wconf 81' lang='lat' dir='ltr'>infelicem</span> <span class='ocrx_word' id='word_1_49' title='bbox 1050 1025 1257 1100; x_wconf 84' lang='lat' dir='ltr'>citharedum</span> 
     </span>
     <span class='ocr_line' id='line_1_8' title="bbox 255 1117 1257 1211; baseline 0.009 -23"><span class='ocrx_word' id='word_1_50' title='bbox 255 1118 421 1190; x_wconf 81' lang='lat' dir='ltr'>dilaniant.</span> <span class='ocrx_word' id='word_1_51' title='bbox 472 1119 553 1204; x_wconf 74' lang='lat' dir='ltr'>Hne</span> <span class='ocrx_word' id='word_1_52' title='bbox 579 1117 686 1188; x_wconf 71' lang='lat' dir='ltr'>filum</span> <span class='ocrx_word' id='word_1_53' title='bbox 715 1140 794 1188; x_wconf 89' lang='lat' dir='ltr'>cum</span> <span class='ocrx_word' id='word_1_54' title='bbox 822 1119 967 1211; x_wconf 88' lang='lat' dir='ltr'>Orpheo</span> <span class='ocrx_word' id='word_1_55' title='bbox 990 1144 1174 1195; x_wconf 86' lang='lat' dir='ltr'>commune</span> <span class='ocrx_word' id='word_1_56' title='bbox 1199 1123 1257 1196; x_wconf 78' lang='lat' dir='ltr'>ha·</span> 
     </span>
     <span class='ocr_line' id='line_1_9' title="bbox 253 1211 1256 1308; baseline 0.008 -22"><span class='ocrx_word' id='word_1_57' title='bbox 253 1213 350 1296; x_wconf 86' lang='lat' dir='ltr'>buit,</span> <span class='ocrx_word' id='word_1_58' title='bbox 376 1216 466 1306; x_wconf 84' lang='lat' dir='ltr'>quod</span> <span class='ocrx_word' id='word_1_59' title='bbox 492 1239 606 1297; x_wconf 83' lang='lat' dir='ltr'>canes,</span> <span class='ocrx_word' id='word_1_60' title='bbox 631 1232 666 1284; x_wconf 90' lang='lat' dir='ltr'>ut</span> <span class='ocrx_word' id='word_1_61' title='bbox 688 1211 741 1284; x_wconf 91' lang='lat' dir='ltr'>ille</span> <span class='ocrx_word' id='word_1_62' title='bbox 761 1221 930 1308; x_wconf 89' lang='lat' dir='ltr'>quondam</span> <span class='ocrx_word' id='word_1_63' title='bbox 954 1216 1063 1294; x_wconf 82' lang='lat' dir='ltr'>feras,</span> <span class='ocrx_word' id='word_1_64' title='bbox 1087 1219 1124 1290; x_wconf 89' lang='lat' dir='ltr'>in</span> <span class='ocrx_word' id='word_1_65' title='bbox 1146 1219 1179 1292; x_wconf 87' lang='lat' dir='ltr'>se</span> <span class='ocrx_word' id='word_1_66' title='bbox 1202 1223 1256 1293; x_wconf 83' lang='lat' dir='ltr'>ad·</span> 
     </span>
     <span class='ocr_line' id='line_1_10' title="bbox 253 1307 1256 1414; baseline 0.011 -34"><span class='ocrx_word' id='word_1_67' title='bbox 253 1312 357 1383; x_wconf 81' lang='lat' dir='ltr'>duxit.</span> <span class='ocrx_word' id='word_1_68' title='bbox 397 1313 454 1380; x_wconf 91' lang='lat' dir='ltr'>De</span> <span class='ocrx_word' id='word_1_69' title='bbox 479 1311 567 1407; x_wconf 90' lang='lat' dir='ltr'>Lyra</span> <span class='ocrx_word' id='word_1_70' title='bbox 594 1307 711 1381; x_wconf 84' lang='lat' dir='ltr'>caelelli</span> <span class='ocrx_word' id='word_1_71' title='bbox 735 1312 813 1383; x_wconf 89' lang='lat' dir='ltr'>vide</span> <span class='ocrx_word' id='word_1_72' title='bbox 836 1313 1025 1389; x_wconf 74' lang='lat' dir='ltr'>Lucienum</span> <span class='ocrx_word' id='word_1_73' title='bbox 1048 1315 1085 1386; x_wconf 90' lang='lat' dir='ltr'>in</span> <span class='ocrx_word' id='word_1_74' title='bbox 1111 1315 1256 1414; x_wconf 72' lang='lat' dir='ltr'>Astrolo-</span> 
     </span>
     <span class='ocr_line' id='line_1_11' title="bbox 248 1401 772 1503; baseline 0 -26"><span class='ocrx_word' id='word_1_75' title='bbox 248 1409 308 1503; x_wconf 81' lang='lat' dir='ltr'>gia</span> <span class='ocrx_word' id='word_1_76' title='bbox 332 1407 368 1479; x_wconf 72' lang='grc' dir='ltr'>ὅ(</span> <span class='ocrx_word' id='word_1_77' title='bbox 396 1405 577 1502; x_wconf 79' lang='lat' dir='ltr'>Hyginum</span> <span class='ocrx_word' id='word_1_78' title='bbox 601 1408 640 1478; x_wconf 84' lang='lat' dir='ltr'>de</span> <span class='ocrx_word' id='word_1_79' title='bbox 655 1401 772 1501; x_wconf 82' lang='lat' dir='ltr'>stellis.</span> 
     </span>
    </p>

    <p class='ocr_par' dir='ltr' id='par_1_3' title="bbox 240 1503 1254 2473">
     <span class='ocr_line' id='line_1_12' title="bbox 300 1503 1254 1597; baseline 0.01 -23"><span class='ocrx_word' id='word_1_80' title='bbox 300 1505 343 1589; x_wconf 72' lang='lat' dir='ltr'>y.</span> <span class='ocrx_word' id='word_1_81' title='bbox 356 1522 435 1597; x_wconf 82' lang='lat'><em>315.</em></span> <span class='ocrx_word' id='word_1_82' title='bbox 463 1503 604 1596; x_wconf 69' lang='lat' dir='ltr'>Quin&amp;</span> <span class='ocrx_word' id='word_1_83' title='bbox 619 1505 775 1597; x_wconf 68' lang='lat' dir='ltr'>Petrai.)</span> <span class='ocrx_word' id='word_1_84' title='bbox 798 1504 886 1579; x_wconf 76' lang='lat' dir='ltr'>Haec</span> <span class='ocrx_word' id='word_1_85' title='bbox 900 1532 944 1582; x_wconf 86' lang='lat' dir='ltr'>ex</span> <span class='ocrx_word' id='word_1_86' title='bbox 958 1507 1136 1582; x_wconf 79' lang='lat' dir='ltr'>Plutarcho</span> <span class='ocrx_word' id='word_1_87' title='bbox 1151 1514 1254 1585; x_wconf 80' lang='lat' dir='ltr'>sumtu</span> 
     </span>
     <span class='ocr_line' id='line_1_13' title="bbox 250 1599 1253 1705; baseline 0.008 -33"><span class='ocrx_word' id='word_1_88' title='bbox 250 1601 284 1673; x_wconf 89' lang='lat' dir='ltr'>in</span> <span class='ocrx_word' id='word_1_89' title='bbox 311 1601 381 1671; x_wconf 84' lang='lat' dir='ltr'>vim</span> <span class='ocrx_word' id='word_1_90' title='bbox 406 1603 506 1673; x_wconf 74' lang='lat' dir='ltr'>Alex.</span> <span class='ocrx_word' id='word_1_91' title='bbox 527 1599 723 1674; x_wconf 82' lang='lat' dir='ltr'>Alexandro</span> <span class='ocrx_word' id='word_1_92' title='bbox 749 1604 902 1694; x_wconf 90' lang='lat' dir='ltr'>(inquit)</span> <span class='ocrx_word' id='word_1_93' title='bbox 927 1606 970 1677; x_wconf 81' lang='lat' dir='ltr'>ad</span> <span class='ocrx_word' id='word_1_94' title='bbox 989 1609 1168 1680; x_wconf 77' lang='lat' dir='ltr'>exercitum</span> <span class='ocrx_word' id='word_1_95' title='bbox 1181 1629 1253 1705; x_wconf 73' lang='lat' dir='ltr'>pro·</span> 
     </span>
     <span class='ocr_line' id='line_1_14' title="bbox 240 1699 1253 1800; baseline 0.006 -30"><span class='ocrx_word' id='word_1_96' title='bbox 240 1700 434 1794; x_wconf 58' lang='grc' dir='ltr'>Μανῆς,</span> <span class='ocrx_word' id='word_1_97' title='bbox 455 1725 525 1772; x_wconf 88' lang='lat' dir='ltr'>cum</span> <span class='ocrx_word' id='word_1_98' title='bbox 548 1701 616 1772; x_wconf 85' lang='lat' dir='ltr'>alia</span> <span class='ocrx_word' id='word_1_99' title='bbox 638 1699 768 1771; x_wconf 86' lang='lat' dir='ltr'>deorum</span> <span class='ocrx_word' id='word_1_100' title='bbox 793 1701 863 1788; x_wconf 83' lang='lat' dir='ltr'>visu</span> <span class='ocrx_word' id='word_1_101' title='bbox 880 1703 1071 1800; x_wconf 46' lang='lat' dir='ltr'>prodigies</span> <span class='ocrx_word' id='word_1_102' title='bbox 1086 1724 1156 1777; x_wconf 83' lang='lat' dir='ltr'>tum</span> <span class='ocrx_word' id='word_1_103' title='bbox 1179 1730 1253 1780; x_wconf 80' lang='lat' dir='ltr'>veru</span> 
     </span>
     <span class='ocr_line' id='line_1_15' title="bbox 250 1796 1252 1897; baseline 0.011 -33"><span class='ocrx_word' id='word_1_104' title='bbox 250 1798 375 1890; x_wconf 81' lang='lat' dir='ltr'>Orphei</span> <span class='ocrx_word' id='word_1_105' title='bbox 387 1796 616 1889; x_wconf 70' lang='lat' dir='ltr'>flmmeum,</span> <span class='ocrx_word' id='word_1_106' title='bbox 642 1799 726 1890; x_wconf 78' lang='lat' dir='ltr'>quod</span> <span class='ocrx_word' id='word_1_107' title='bbox 747 1799 781 1868; x_wconf 87' lang='lat' dir='ltr'>in</span> <span class='ocrx_word' id='word_1_108' title='bbox 801 1798 943 1870; x_wconf 84' lang='lat' dir='ltr'>Libetris</span> <span class='ocrx_word' id='word_1_109' title='bbox 967 1825 1009 1871; x_wconf 75' lang='lat' dir='ltr'>ex</span> <span class='ocrx_word' id='word_1_110' title='bbox 1031 1804 1174 1897; x_wconf 77' lang='lat' dir='ltr'>cupreffo</span> <span class='ocrx_word' id='word_1_111' title='bbox 1194 1829 1252 1875; x_wconf 77' lang='lat' dir='ltr'>ert·</span> 
     </span>
     <span class='ocr_line' id='line_1_16' title="bbox 249 1891 1251 1990; baseline 0.01 -25"><span class='ocrx_word' id='word_1_112' title='bbox 249 1917 322 1971; x_wconf 78' lang='lat' dir='ltr'>rur,</span> <span class='ocrx_word' id='word_1_113' title='bbox 345 1895 463 1990; x_wconf 78' lang='lat' dir='ltr'>perid</span> <span class='ocrx_word' id='word_1_114' title='bbox 487 1912 609 1989; x_wconf 76' lang='lat' dir='ltr'>ternpus</span> <span class='ocrx_word' id='word_1_115' title='bbox 626 1895 781 1981; x_wconf 79' lang='lat' dir='ltr'>sudorem</span> <span class='ocrx_word' id='word_1_116' title='bbox 798 1891 937 1987; x_wconf 71' lang='lat' dir='ltr'>&#39;emififfe</span> <span class='ocrx_word' id='word_1_117' title='bbox 968 1897 1121 1971; x_wconf 83' lang='lat' dir='ltr'>traditur.</span> <span class='ocrx_word' id='word_1_118' title='bbox 1169 1903 1251 1974; x_wconf 83' lang='lat' dir='ltr'>Uni·</span> 
     </span>
     <span class='ocr_line' id='line_1_17' title="bbox 247 1988 1250 2093; baseline 0.011 -34"><span class='ocrx_word' id='word_1_119' title='bbox 247 1991 355 2075; x_wconf 73' lang='lat' dir='ltr'>versos</span> <span class='ocrx_word' id='word_1_120' title='bbox 385 2015 422 2061; x_wconf 87' lang='lat' dir='ltr'>eo</span> <span class='ocrx_word' id='word_1_121' title='bbox 445 1990 598 2086; x_wconf 82' lang='lat' dir='ltr'>prodigio</span> <span class='ocrx_word' id='word_1_122' title='bbox 617 1988 865 2086; x_wconf 67' lang='lat' dir='ltr'>perterrrfuilos</span> <span class='ocrx_word' id='word_1_123' title='bbox 894 1994 975 2064; x_wconf 83' lang='lat' dir='ltr'>bona</span> <span class='ocrx_word' id='word_1_124' title='bbox 997 1995 1058 2093; x_wconf 81' lang='lat' dir='ltr'>spe</span> <span class='ocrx_word' id='word_1_125' title='bbox 1084 1993 1146 2090; x_wconf 74' lang='lat' dir='ltr'>effe</span> <span class='ocrx_word' id='word_1_126' title='bbox 1165 1997 1250 2092; x_wconf 81' lang='lat' dir='ltr'>juffir</span> 
     </span>
     <span class='ocr_line' id='line_1_18' title="bbox 247 2086 1249 2189; baseline 0.004 -27"><span class='ocrx_word' id='word_1_127' title='bbox 247 2086 463 2184; x_wconf 80' lang='lat' dir='ltr'>Aristander3</span> <span class='ocrx_word' id='word_1_128' title='bbox 495 2090 706 2183; x_wconf 80' lang='lat' dir='ltr'>Semyiternae</span> <span class='ocrx_word' id='word_1_129' title='bbox 728 2087 889 2158; x_wconf 70' lang='lat' dir='ltr'>memoriae</span> <span class='ocrx_word' id='word_1_130' title='bbox 914 2091 1052 2175; x_wconf 81' lang='lat' dir='ltr'>dicens,</span> <span class='ocrx_word' id='word_1_131' title='bbox 1083 2095 1171 2166; x_wconf 86' lang='lat' dir='ltr'>illius</span> <span class='ocrx_word' id='word_1_132' title='bbox 1196 2121 1249 2189; x_wconf 59' lang='lat' dir='ltr'>res</span> 
     </span>
     <span class='ocr_line' id='line_1_19' title="bbox 243 2183 1245 2286; baseline 0.01 -31"><span class='ocrx_word' id='word_1_133' title='bbox 243 2187 349 2286; x_wconf 75' lang='lat' dir='ltr'>gestas</span> <span class='ocrx_word' id='word_1_134' title='bbox 366 2185 519 2276; x_wconf 72' lang='lat' dir='ltr'>futuras,</span> <span class='ocrx_word' id='word_1_135' title='bbox 540 2183 581 2259; x_wconf 61' lang='grc' dir='ltr'>(ν</span> <span class='ocrx_word' id='word_1_136' title='bbox 597 2185 771 2256; x_wconf 83' lang='lat' dir='ltr'>maximum</span> <span class='ocrx_word' id='word_1_137' title='bbox 782 2184 934 2270; x_wconf 81' lang='lat' dir='ltr'>sudorem</span> <span class='ocrx_word' id='word_1_138' title='bbox 956 2187 997 2264; x_wconf 67' lang='lat' dir='ltr'>(J</span> <span class='ocrx_word' id='word_1_139' title='bbox 1012 2191 1150 2265; x_wconf 82' lang='lat' dir='ltr'>laborem</span> <span class='ocrx_word' id='word_1_140' title='bbox 1169 2193 1245 2286; x_wconf 67' lang='lat' dir='ltr'>poe·-</span> 
     </span>
     <span class='ocr_line' id='line_1_20' title="bbox 246 2280 1246 2368; baseline 0.004 -12"><span class='ocrx_word' id='word_1_141' title='bbox 246 2288 308 2365; x_wconf 81' lang='lat' dir='ltr'>tis,</span> <span class='ocrx_word' id='word_1_142' title='bbox 331 2309 369 2356; x_wconf 83' lang='lat' dir='ltr'>uc</span> <span class='ocrx_word' id='word_1_143' title='bbox 393 2284 565 2368; x_wconf 80' lang='lat' dir='ltr'><em>Musarum</em></span> <span class='ocrx_word' id='word_1_144' title='bbox 592 2280 766 2353; x_wconf 83' lang='lat' dir='ltr'>cultoribus</span> <span class='ocrx_word' id='word_1_145' title='bbox 795 2283 962 2356; x_wconf 76' lang='lat' dir='ltr'>allaturas.</span> <span class='ocrx_word' id='word_1_146' title='bbox 1012 2287 1114 2362; x_wconf 86' lang='lat' dir='ltr'>Idem</span> <span class='ocrx_word' id='word_1_147' title='bbox 1138 2286 1246 2363; x_wconf 77' lang='lat' dir='ltr'>scribit</span> 
     </span>
     <span class='ocr_line' id='line_1_21' title="bbox 246 2379 1102 2473; baseline 0.006 -19"><span class='ocrx_word' id='word_1_148' title='bbox 246 2385 405 2454; x_wconf 83' lang='lat' dir='ltr'>Arrianus</span> <span class='ocrx_word' id='word_1_149' title='bbox 434 2381 488 2449; x_wconf 82' lang='lat' dir='ltr'>lib.</span> <span class='ocrx_word' id='word_1_150' title='bbox 504 2400 533 2450; x_wconf 90' lang='lat'>1.</span> <span class='ocrx_word' id='word_1_151' title='bbox 562 2379 672 2473; x_wconf 78' lang='lat' dir='ltr'>Perip.</span> <span class='ocrx_word' id='word_1_152' title='bbox 699 2380 789 2449; x_wconf 90' lang='lat' dir='ltr'>unde</span> <span class='ocrx_word' id='word_1_153' title='bbox 814 2380 968 2452; x_wconf 84' lang='lat' dir='ltr'>Lucanus</span> <span class='ocrx_word' id='word_1_154' title='bbox 995 2385 1050 2454; x_wconf 84' lang='lat' dir='ltr'>lib.</span> <span class='ocrx_word' id='word_1_155' title='bbox 1069 2406 1102 2458; x_wconf 87' lang='lat'>1.</span> 
     </span>
    </p>

    <p class='ocr_par' dir='ltr' id='par_1_4' title="bbox 341 2474 1107 2573">
     <span class='ocr_line' id='line_1_22' title="bbox 341 2474 1107 2573; baseline 0.008 -24"><span class='ocrx_word' id='word_1_156' title='bbox 341 2476 503 2571; x_wconf 75' lang='lat' dir='ltr'>indigetes</span> <span class='ocrx_word' id='word_1_157' title='bbox 515 2474 645 2573; x_wconf 77' lang='lat' dir='ltr'>flevtffe</span> <span class='ocrx_word' id='word_1_158' title='bbox 673 2479 770 2558; x_wconf 77' lang='lat' dir='ltr'>deos,</span> <span class='ocrx_word' id='word_1_159' title='bbox 794 2477 939 2573; x_wconf 75' lang='lat' dir='ltr'>urbisque</span> <span class='ocrx_word' id='word_1_160' title='bbox 963 2480 1107 2555; x_wconf 83' lang='lat' dir='ltr'>laborem</span> 
     </span>
    </p>

    <p class='ocr_par' dir='ltr' id='par_1_5' title="bbox 190 2574 1245 3742">
     <span class='ocr_line' id='line_1_23' title="bbox 340 2574 743 2669; baseline -0.015 -19"><span class='ocrx_word' id='word_1_161' title='bbox 340 2574 486 2669; x_wconf 72' lang='lat' dir='ltr'>Ttylatos</span> <span class='ocrx_word' id='word_1_162' title='bbox 503 2575 626 2662; x_wconf 80' lang='lat' dir='ltr'>sudore</span> <span class='ocrx_word' id='word_1_163' title='bbox 650 2575 743 2644; x_wconf 78' lang='lat' dir='ltr'>lares.</span> 
     </span>
     <span class='ocr_line' id='line_1_24' title="bbox 242 2668 1245 2770; baseline 0.004 -22"><span class='ocrx_word' id='word_1_164' title='bbox 242 2672 399 2748; x_wconf 85' lang='lat' dir='ltr'>Tellatur</span> <span class='ocrx_word' id='word_1_165' title='bbox 422 2673 521 2743; x_wconf 90' lang='lat' dir='ltr'>etiam</span> <span class='ocrx_word' id='word_1_166' title='bbox 538 2669 748 2743; x_wconf 81' lang='lat' dir='ltr'>Philostratus</span> <span class='ocrx_word' id='word_1_167' title='bbox 769 2669 901 2765; x_wconf 88' lang='lat' dir='ltr'>Cyrum</span> <span class='ocrx_word' id='word_1_168' title='bbox 915 2668 1088 2746; x_wconf 81' lang='lat' dir='ltr'>Persarum</span> <span class='ocrx_word' id='word_1_169' title='bbox 1107 2697 1245 2770; x_wconf 64' lang='lat' dir='ltr'>regem,</span> 
     </span>
     <span class='ocr_line' id='line_1_25' title="bbox 243 2768 1244 2868; baseline 0.002 -24"><span class='ocrx_word' id='word_1_170' title='bbox 243 2797 349 2868; x_wconf 88' lang='lat' dir='ltr'>quum</span> <span class='ocrx_word' id='word_1_171' title='bbox 378 2771 408 2843; x_wconf 87' lang='lat' dir='ltr'>in</span> <span class='ocrx_word' id='word_1_172' title='bbox 433 2768 595 2844; x_wconf 84' lang='lat' dir='ltr'>Odrultos</span> <span class='ocrx_word' id='word_1_173' title='bbox 617 2771 800 2841; x_wconf 87' lang='lat' dir='ltr'>exercitum</span> <span class='ocrx_word' id='word_1_174' title='bbox 827 2789 1004 2850; x_wconf 84' lang='lat' dir='ltr'>moveret,</span> <span class='ocrx_word' id='word_1_175' title='bbox 1028 2772 1153 2844; x_wconf 87' lang='lat' dir='ltr'>ibidem</span> <span class='ocrx_word' id='word_1_176' title='bbox 1173 2797 1244 2847; x_wconf 82' lang='lat' dir='ltr'>om-</span> 
     </span>
     <span class='ocr_line' id='line_1_26' title="bbox 243 2864 1243 2960; baseline 0.001 -19"><span class='ocrx_word' id='word_1_177' title='bbox 243 2871 357 2942; x_wconf 86' lang='lat' dir='ltr'>culum</span> <span class='ocrx_word' id='word_1_178' title='bbox 386 2865 516 2951; x_wconf 76' lang='lat' dir='ltr'>O&#39;rphei</span> <span class='ocrx_word' id='word_1_179' title='bbox 547 2864 766 2941; x_wconf 83' lang='lat' dir='ltr'>cunsuluiffe:</span> <span class='ocrx_word' id='word_1_180' title='bbox 799 2865 834 2942; x_wconf 67' lang='grc' dir='ltr'>δι</span> <span class='ocrx_word' id='word_1_181' title='bbox 868 2864 1058 2957; x_wconf 83' lang='lat' dir='ltr'>responsum</span> <span class='ocrx_word' id='word_1_182' title='bbox 1083 2868 1243 2960; x_wconf 80' lang='lat' dir='ltr'>accepitle</span> 
     </span>
     <span class='ocr_line' id='line_1_27' title="bbox 241 2963 1243 3062; baseline -0.003 -21"><span class='ocrx_word' id='word_1_183' title='bbox 241 2963 642 3041; x_wconf 83' lang='lat' dir='ltr'>MEAOKYRETVA.</span> <span class='ocrx_word' id='word_1_184' title='bbox 671 2966 762 3056; x_wconf 83' lang='lat' dir='ltr'>quod</span> <span class='ocrx_word' id='word_1_185' title='bbox 786 2965 894 3035; x_wconf 89' lang='lat' dir='ltr'>minus</span> <span class='ocrx_word' id='word_1_186' title='bbox 919 2964 1076 3036; x_wconf 78' lang='lat' dir='ltr'>intellexit</span> <span class='ocrx_word' id='word_1_187' title='bbox 1105 2966 1243 3062; x_wconf 80' lang='lat' dir='ltr'>Cyrus,</span> 
     </span>
     <span class='ocr_line' id='line_1_28' title="bbox 241 3061 1242 3153; baseline -0.002 -16"><span class='ocrx_word' id='word_1_188' title='bbox 241 3066 463 3138; x_wconf 81' lang='lat' dir='ltr'>sederemus</span> <span class='ocrx_word' id='word_1_189' title='bbox 494 3061 677 3135; x_wconf 84' lang='lat' dir='ltr'>declaravit.</span> <span class='ocrx_word' id='word_1_190' title='bbox 720 3062 812 3134; x_wconf 91' lang='lat' dir='ltr'>Nam</span> <span class='ocrx_word' id='word_1_191' title='bbox 843 3064 1128 3153; x_wconf 78' lang='lat' dir='ltr'>quemadmodum</span> <span class='ocrx_word' id='word_1_192' title='bbox 1165 3065 1242 3135; x_wconf 89' lang='lat' dir='ltr'>Or-</span> 
     </span>
     <span class='ocr_line' id='line_1_29' title="bbox 190 3157 1239 3259; baseline -0.004 -24"><span class='ocrx_word' id='word_1_193' title='bbox 190 3190 193 3197; x_wconf 76' lang='grc'>’</span> <span class='ocrx_word' id='word_1_194' title='bbox 240 3162 346 3255; x_wconf 87' lang='lat' dir='ltr'>pheus</span> <span class='ocrx_word' id='word_1_195' title='bbox 372 3161 436 3232; x_wconf 87' lang='lat' dir='ltr'>fuit</span> <span class='ocrx_word' id='word_1_196' title='bbox 461 3158 479 3232; x_wconf 73' lang='lat' dir='ltr'>a</span> <span class='ocrx_word' id='word_1_197' title='bbox 504 3159 699 3231; x_wconf 87' lang='lat' dir='ltr'>mulieribus</span> <span class='ocrx_word' id='word_1_198' title='bbox 726 3158 931 3250; x_wconf 85' lang='lat' dir='ltr'>discerptus,</span> <span class='ocrx_word' id='word_1_199' title='bbox 960 3157 1003 3230; x_wconf 85' lang='lat' dir='ltr'>stc</span> <span class='ocrx_word' id='word_1_200' title='bbox 1033 3160 1117 3259; x_wconf 89' lang='lat' dir='ltr'>Cyri</span> <span class='ocrx_word' id='word_1_201' title='bbox 1143 3174 1239 3255; x_wconf 81' lang='lat' dir='ltr'>caput</span> 
     </span>
     <span class='ocr_line' id='line_1_30' title="bbox 240 3254 1004 3356; baseline -0.008 -23"><span class='ocrx_word' id='word_1_202' title='bbox 240 3263 356 3356; x_wconf 85' lang='lat' dir='ltr'>regina</span> <span class='ocrx_word' id='word_1_203' title='bbox 382 3257 577 3355; x_wconf 86' lang='lat' dir='ltr'>Scytharum</span> <span class='ocrx_word' id='word_1_204' title='bbox 604 3255 792 3354; x_wconf 84' lang='lat' dir='ltr'>Thomyris</span> <span class='ocrx_word' id='word_1_205' title='bbox 812 3254 1004 3349; x_wconf 86' lang='lat' dir='ltr'>amputavit.</span> 
     </span>
     <span class='ocr_line' id='line_1_31' title="bbox 238 3354 1239 3546; baseline -0.004 -19"><span class='ocrx_word' id='word_1_206' title='bbox 238 3355 769 3544; x_wconf 59' lang='lat' dir='ltr'>nllu&#39;salllllzlll</span> <span class='ocrx_word' id='word_1_207' title='bbox 789 3354 976 3543; x_wconf 60' lang='lat' dir='ltr'>illul</span> <span class='ocrx_word' id='word_1_208' title='bbox 1001 3355 1239 3546; x_wconf 54' lang='lat' dir='ltr'>&lt;illitum</span> 
     </span>
     <span class='ocr_line' id='line_1_32' title="bbox 205 3548 1237 3651; baseline -0.005 -27"><span class='ocrx_word' id='word_1_209' title='bbox 205 3554 211 3563; x_wconf 86' lang='grc'><strong>’</strong></span> <span class='ocrx_word' id='word_1_210' title='bbox 236 3549 292 3647; x_wconf 81' lang='lat' dir='ltr'>iste</span> <span class='ocrx_word' id='word_1_211' title='bbox 309 3552 376 3651; x_wconf 72' lang='lat' dir='ltr'>poll</span> <span class='ocrx_word' id='word_1_212' title='bbox 402 3553 575 3649; x_wconf 78' lang='lat' dir='ltr'>Orpheum.</span> <span class='ocrx_word' id='word_1_213' title='bbox 618 3551 663 3618; x_wconf 78' lang='lat' dir='ltr'>Er</span> <span class='ocrx_word' id='word_1_214' title='bbox 674 3548 754 3636; x_wconf 86' lang='lat' dir='ltr'>sum</span> <span class='ocrx_word' id='word_1_215' title='bbox 778 3550 881 3625; x_wconf 84' lang='lat' dir='ltr'>vuriae</span> <span class='ocrx_word' id='word_1_216' title='bbox 905 3552 945 3619; x_wconf 81' lang='lat' dir='ltr'>de</span> <span class='ocrx_word' id='word_1_217' title='bbox 970 3548 1031 3621; x_wconf 82' lang='lat' dir='ltr'>hoe</span> <span class='ocrx_word' id='word_1_218' title='bbox 1055 3551 1237 3646; x_wconf 68' lang='lat' dir='ltr'>opinionem</span> 
     </span>
     <span class='ocr_line' id='line_1_33' title="bbox 237 3644 1238 3742; baseline -0.009 -15"><span class='ocrx_word' id='word_1_219' title='bbox 237 3677 313 3727; x_wconf 84' lang='lat' dir='ltr'>nam</span> <span class='ocrx_word' id='word_1_220' title='bbox 338 3677 407 3727; x_wconf 88' lang='lat' dir='ltr'>eum</span> <span class='ocrx_word' id='word_1_221' title='bbox 428 3654 487 3722; x_wconf 83' lang='lat' dir='ltr'>alii</span> <span class='ocrx_word' id='word_1_222' title='bbox 510 3649 588 3722; x_wconf 88' lang='lat' dir='ltr'>Lini</span> <span class='ocrx_word' id='word_1_223' title='bbox 603 3644 731 3734; x_wconf 79' lang='lat' dir='ltr'>filium,</span> <span class='ocrx_word' id='word_1_224' title='bbox 753 3647 812 3718; x_wconf 84' lang='lat' dir='ltr'>ulii</span> <span class='ocrx_word' id='word_1_225' title='bbox 834 3645 959 3740; x_wconf 81' lang='lat' dir='ltr'>Orphei</span> <span class='ocrx_word' id='word_1_226' title='bbox 987 3648 1124 3719; x_wconf 82' lang='lat' dir='ltr'>volunt.-</span> <span class='ocrx_word' id='word_1_227' title='bbox 1147 3650 1238 3742; x_wconf 79' lang='lat' dir='ltr'>cujus</span> 
     </span>
    </p>
   </div>
   <div class='ocr_carea' id='block_1_3' title="bbox 205 3743 1240 4229">
    <p class='ocr_par' dir='ltr' id='par_1_6' title="bbox 205 3743 1240 4213">
     <span class='ocr_line' id='line_1_34' title="bbox 237 3743 1240 3844; baseline -0.008 -22"><span class='ocrx_word' id='word_1_228' title='bbox 237 3774 309 3824; x_wconf 81' lang='lat' dir='ltr'>eum</span> <span class='ocrx_word' id='word_1_229' title='bbox 329 3746 445 3844; x_wconf 83' lang='lat' dir='ltr'>constat</span> <span class='ocrx_word' id='word_1_230' title='bbox 458 3746 551 3842; x_wconf 67' lang='lat' dir='ltr'>fuisse</span> <span class='ocrx_word' id='word_1_231' title='bbox 573 3745 783 3841; x_wconf 77' lang='lat' dir='ltr'>discipulum:</span> <span class='ocrx_word' id='word_1_232' title='bbox 804 3748 895 3818; x_wconf 85' lang='lat' dir='ltr'>Nam</span> <span class='ocrx_word' id='word_1_233' title='bbox 918 3743 962 3814; x_wconf 84' lang='lat' dir='ltr'>ad</span> <span class='ocrx_word' id='word_1_234' title='bbox 984 3743 1086 3838; x_wconf 81' lang='lat' dir='ltr'>ipsum</span> <span class='ocrx_word' id='word_1_235' title='bbox 1102 3745 1240 3839; x_wconf 80' lang='lat' dir='ltr'>primurn</span> 
     </span>
     <span class='ocr_line' id='line_1_35' title="bbox 236 3840 1239 3942; baseline -0.013 -17"><span class='ocrx_word' id='word_1_236' title='bbox 236 3848 517 3935; x_wconf 68' lang='lat' dir='ltr'>cameasenus,</span> <span class='ocrx_word' id='word_1_237' title='bbox 547 3847 631 3942; x_wconf 82' lang='lat' dir='ltr'>quod</span> <span class='ocrx_word' id='word_1_238' title='bbox 657 3845 794 3915; x_wconf 82' lang='lat' dir='ltr'>Cratera</span> <span class='ocrx_word' id='word_1_239' title='bbox 817 3840 1005 3938; x_wconf 62' lang='lat' dir='ltr'>appellavit,</span> <span class='ocrx_word' id='word_1_240' title='bbox 1047 3841 1137 3912; x_wconf 79' lang='lat' dir='ltr'>Haec</span> <span class='ocrx_word' id='word_1_241' title='bbox 1163 3841 1239 3913; x_wconf 84' lang='lat' dir='ltr'>Ser·</span> 
     </span>
     <span class='ocr_line' id='line_1_36' title="bbox 205 3936 1239 4024; baseline -0.01 -4"><span class='ocrx_word' id='word_1_242' title='bbox 205 3937 211 3943; x_wconf 59' lang='grc'><strong>’</strong></span> <span class='ocrx_word' id='word_1_243' title='bbox 236 3948 319 4024; x_wconf 88' lang='lat' dir='ltr'>vius.</span> <span class='ocrx_word' id='word_1_244' title='bbox 361 3947 477 4020; x_wconf 84' lang='lat' dir='ltr'>Suidas</span> <span class='ocrx_word' id='word_1_245' title='bbox 509 3944 593 4014; x_wconf 90' lang='lat' dir='ltr'>duos</span> <span class='ocrx_word' id='word_1_246' title='bbox 620 3939 770 4012; x_wconf 75' lang='lat' dir='ltr'>Musaeos</span> <span class='ocrx_word' id='word_1_247' title='bbox 797 3937 1029 4011; x_wconf 68' lang='lat' dir='ltr'>vetustissimos</span> <span class='ocrx_word' id='word_1_248' title='bbox 1051 3936 1116 4010; x_wconf 85' lang='lat' dir='ltr'>elle</span> <span class='ocrx_word' id='word_1_249' title='bbox 1145 3937 1239 4011; x_wconf 79' lang='lat' dir='ltr'>testa-</span> 
     </span>
     <span class='ocr_line' id='line_1_37' title="bbox 233 4031 1239 4213; baseline -0.02 -87"><span class='ocrx_word' id='word_1_250' title='bbox 233 4068 307 4129; x_wconf 83' lang='lat' dir='ltr'>tur:</span> <span class='ocrx_word' id='word_1_251' title='bbox 325 4047 465 4125; x_wconf 86' lang='lat' dir='ltr'>alterum</span> <span class='ocrx_word' id='word_1_252' title='bbox 484 4036 689 4119; x_wconf 79' lang='lat' dir='ltr'>Eleusinium</span> <span class='ocrx_word' id='word_1_253' title='bbox 709 4031 842 4129; x_wconf 82' lang='lat' dir='ltr'>Orphei</span> <span class='ocrx_word' id='word_1_254' title='bbox 861 4035 1059 4134; x_wconf 77' lang='lat' dir='ltr'>discipulum</span> <span class='ocrx_word' id='word_1_255' title='bbox 1071 4055 1239 4213; x_wconf 45' lang='lat' dir='ltr'>&amp;empore</span> 
     </span>
    </p>

    <p class='ocr_par' dir='ltr' id='par_1_7' title="bbox 376 4153 1239 4229">
     <span class='ocr_line' id='line_1_38' title="bbox 376 4153 1239 4229; baseline -0.005 -20"><span class='ocrx_word' id='word_1_256' title='bbox 376 4174 379 4183; x_wconf 90' lang='lat'><strong>·</strong></span> <span class='ocrx_word' id='word_1_257' title='bbox 408 4203 411 4209; x_wconf 89' lang='lat'>.</span> <span class='ocrx_word' id='word_1_258' title='bbox 1105 4153 1239 4229; x_wconf 72' lang='lat' dir='ltr'>ecroptt</span> 
     </span>
    </p>
   </div>
   <div class='ocr_carea' id='block_1_4' title="bbox 0 0 1434 4709">
    <p class='ocr_par' dir='ltr' id='par_1_8' title="bbox 0 0 1434 4709">
     <span class='ocr_line' id='line_1_39' title="bbox 0 0 1434 4709; baseline 0 4"><span class='ocrx_word' id='word_1_259' title='bbox 0 0 1434 4709; x_wconf 95' lang='lat' dir='ltr'> </span> 
     </span>
    </p>
   </div>
  </div>
 </body>
</html>
