2859 4709
259 426 332 516 428
607 408 925 536 Seno-trp-

258 571 335 622 mus
355 548 387 620 in
411 550 549 626 Scholir‘r
569 556 614 625 ad
635 553 831 624 Emblenrara
848 549 998 627 Alciari,
1021 547 1163 622 Dedisse
1182 559 1250 623 ora,

259 647 332 716 cula
357 650 499 726 Panem,
532 672 575 718 ex
603 649 755 719 Pausania
783 653 816 720 in
852 647 1018 721 Arcadicis
1049 651 1180 742 iiquetc
1207 645 1250 716 ibi

258 745 362 825 muira
386 745 476 838 ieges
499 745 538 814 de
565 745 683 836 Lyceo
710 747 790 815 Pani
810 744 846 820 δι
871 744 946 826 Jovi
968 740 1068 814 sacro.
1106 746 1249 818 Panem,

259 836 343 909 inter
365 859 455 912 vates
477 859 719 913 commemorat
743 843 863 915 Statius
891 842 944 914 rib.
959 860 991 932 3.
1016 839 1177 913 Thebaid.

309 994 498 1013 -·-·--
523 961 613 1032 Licet
635 962 761 1034 Aridus
784 968 925 1033 Ammon

307 1057 487 1125 invideat:
521 1057 688 1155 Lyciaeque
711 1078 826 1151 parem
850 1055 1039 1128 contendere
1049 1053 1178 1139 sortesz

216 1158 219 1165 ’
305 1153 534 1245 Niliacumque
556 1176 668 1247 pecus:
689 1158 860 1248 patrioque
883 1153 1016 1247 aepnalis
1038 1155 1155 1225 honori

307 1250 492 1319 Branchus:
516 1248 556 1323 (7
577 1250 701 1324 undosae
726 1254 779 1345 qni
800 1247 934 1344 rusticus
956 1250 1065 1320 accola
1089 1250 1175 1339 Pisae
1218 1296 1220 1301 ·

308 1347 403 1439 Parra
423 1346 590 1439 Lycaonia
611 1348 800 1420 nodinrnum
823 1347 934 1419 evadit
957 1348 992 1437 in
1013 1345 1138 1417 umbra.

306 1470 346 1553 iil.
362 1490 445 1547 211.
471 1471 605 1543 Terruit
627 1472 754 1543 umbrat
763 1476 793 1566 ,)
820 1473 920 1551 dixit,
942 1469 1089 1541 alludens
1112 1472 1153 1543 ad
1178 1493 1253 1564 pro·

259 1568 431 1638 verbium:
464 1568 579 1662 Partiri
603 1590 763 1645 terrores,
792 1573 924 1658 dequo
952 1566 1134 1657 proverbio
1164 1567 1251 1641 dixi,

259 1661 336 1754 mus
360 1666 393 1734 in
421 1665 622 1735 Embiernorr‘r
646 1670 687 1735 ad
712 1666 816 1738 iliud:
844 1660 957 1760 Effusa
980 1687 1134 1761 cernens:
1154 1684 1232 1736 cat.

308 1779 389 1837 212.
416 1764 550 1843 Carmen
564 1763 730 1860 Apollinei
749 1761 920 1859 tripodes.)
948 1760 1027 1850 Qua
1049 1759 1160 1833 forma
1176 1760 1252 1832 Tri·

260 1877 322 1944 pus
345 1858 439 1936 effer,
465 1859 554 1928 varie
577 1858 779 1930 deicribunt:
802 1860 935 1952 quidam
957 1855 1104 1927 mensam
1120 1856 1252 1946 Deiphi-

260 1974 334 2020 cam
355 1976 502 2036 vocant,
529 1954 580 2023 alii
604 1954 806 2046 perforatum
837 1953 934 2027 sedile
962 1955 1137 2024 tradidere.
1180 1957 1252 2049 Ego

261 2071 303 2118 ex
334 2053 472 2143 antiquis
502 2042 608 2122 nnmis
632 2051 714 2121 hanc
737 2052 878 2123 formam
900 2051 970 2124 sum
996 2051 1252 2143 contemplatus,

259 2145 293 2213 in
318 2144 476 2227 Vitellio,
498 2145 534 2219 &
555 2145 768 2239 Vespaiiano.
805 2149 931 2239 Tripus
948 2171 1031 2218 aerea
1051 2145 1116 2227 est,
1137 2147 1171 2216 in
1192 2171 1252 2240 qua

259 2241 395 2315 insertus
423 2241 467 2312 est
491 2242 610 2320 lebes,
635 2268 735 2335 quem
759 2247 929 2316 crederem
961 2242 1026 2314 dici
1056 2241 1075 2329 it
1105 2243 1251 2338 Virgilio

260 2342 444 2418 Corrinorn,
474 2339 506 2407 in
531 2364 593 2434 qua
619 2337 739 2411 sedens·
751 2340 847 2434 virgo
872 2338 1014 2411 Phoebas
1035 2337 1185 2429 responsa
1203 2342 1251 2410 da·

260 2434 327 2505 bat.
367 2434 492 2528 Tripus
515 2460 596 2505 vero
622 2436 725 2508 dicata
754 2436 887 2509 Phoebo
916 2455 1053 2529 propter
1084 2436 1146 2508 tria
1171 2455 1250 2508 tem·

261 2557 362 2628 pora,
387 2551 423 2603 ut
448 2557 491 2605 ex
514 2531 673 2605 Homero
698 2533 856 2605 transtulit
876 2533 1051 2628 Virgilius.

310 2691 500 2711 ··---
522 2655 630 2728 Novit
654 2679 786 2749 nomque
807 2655 911 2725 omnio
937 2675 1028 2726 votes

308 2752 396 2842 Qnae
405 2751 496 2848 fior,
512 2748 713 2848 praefuerint
723 2794 735 2826 ,
747 2775 817 2845 quae
832 2776 907 2821 mox
927 2771 1063 2822 ventura
1078 2752 1248 2824 trahentia.

309 2873 497 2968 Laurusque
522 2872 667 2960 iocerne.)
694 2870 884 2961 Tripodes,
902 2896 1006 2963 quum
1026 2866 1180 2950 Phoebus
1206 2894 1248 2942 rt·

262 2965 376 3055 sponsa
400 2973 515 3052 daret,
537 2971 628 3040 lauto
653 2966 915 3062 coronabantur,
949 2967 1025 3061 quia
1054 2963 1124 3035 hac
1160 2968 1248 3039 arbor

260 3064 395 3136 Phoebo
418 3060 501 3136 sacta
519 3064 657 3149 fnit,&
679 3084 768 3136 vates
791 3065 1019 3161 Daphniphogr'
1041 3060 1248 3139 vocabantur>

261 3181 297 3234 ut
322 3162 355 3232 in
378 3163 580 3232 Embiemoris
606 3163 874 3245 adnotavimus*
1055 3238 1060 3247 Ι

301 3280 388 3350 213.
415 3258 559 3353 Quaepuc
581 3257 796 3346 coronatam.)
822 3257 942 3331 Statius
965 3254 1085 3331 rursm.
1106 3261 1140 3334 8.
1173 3257 1246 3330 Titt-

262 3354 349 3426 haia.
1016 3366 1020 3371 '

309 3455 437 3532 Deion,
461 3450 501 3528 (θ’
526 3449 636 3545 inrortfi
663 3451 786 3525 claudet
806 3453 984 3548 penetralia
1006 3455 1163 3525 Branchi.

260 3550 473 3629 Laiianrius,
501 3548 565 3620 save
595 3550 745 3622 Lutatius
772 3549 865 3620 Statii
898 3548 1054 3639 interpres
1087 3550 1143 3627 lib,
1158 3551 1192 3625 8.
1215 3568 1249 3617 ex

261 3646 423 3720 Varronis
448 3646 537 3717 libris
555 3670 659 3717 rernm
684 3645 866 3718 divinarum
890 3643 1028 3716 Branchi
1047 3646 1196 3718 fabulam
1214 3642 1249 3715 irc

260 3747 437 3816 annotavit.
479 3744 566 3814 Olus
589 3743 722 3835 quidam
740 3743 887 3814 decimus
903 3743 943 3813 ab
958 3745 1135 3834 Apolline,
1154 3762 1249 3837 quun

260 3840 295 3908 in
312 3841 576 3932 peregrinatione
597 3843 768 3930 pranderet
793 3840 825 3908 in
849 3838 963 3916 litore,
977 3865 1013 3911 ac
1038 3843 1160 3910 deinde
1183 3860 1250 3931 pro·

200 3954 206 3964 ⁸
260 3934 475 4019 ficii'cetetur,
499 3937 622 4011 oblitus
646 3935 697 4006 est
719 3936 825 4008 filium
851 3938 984 4006 nomine
1011 3938 1181 4009 Simerum
1206 3928 1250 4003 rei

259 4031 442 4108 Sucronem
466 4036 522 4129 qui
548 4033 697 4133 percepit
721 4032 756 4109 in
781 4029 897 4106 saltum
928 4033 1037 4111 laucis
1065 4031 1248 4129 cujusdam:

1216 4123 1251 4199 ,it
