2859 4709
520 416 794 522 Ecuooa
848 417 902 495 V.
1043 380 1047 385 Ι
1142 406 1217 523 163'

201 540 280 617 Mo.
304 545 408 617 Immo
434 545 523 628 haec,
548 548 582 619 in
608 547 710 620 viridi
728 548 838 645 nuper
853 571 924 642 quae
949 545 1065 619 cortice
1080 547 1161 647 fagi

166 650 169 657 '
200 643 355 712 Carmina
380 639 529 740 descripsi
537 658 553 728 ,x
574 641 615 718 θ
640 647 808 716 modulans
834 647 957 715 alterna
981 646 1112 728 notavi,

201 739 382 831 Experiar:
416 761 451 810 tu
477 741 593 812 deinde
614 741 726 833 jubeto
750 763 849 813 certet
875 747 1052 813 Amuntas.

201 833 272 903 Me.
300 837 407 908 Lenta
420 836 514 924 salix
536 859 689 932 quantum
711 839 846 933 pallenti
869 838 952 910 cedit
974 837 1096 919 oliva,

202 929 355 1002 Puniceis
378 933 507 1005 humilis
531 955 691 1029 quantum..
696 936 846 1020 saliunca
867 934 1001 1022 rosetis,

201 1027 332 1101 Iudicio
356 1025 465 1122 noslro
488 1051 614 1101 tantum
635 1031 695 1099 tibi
715 1032 802 1102 cedit
823 1037 997 1102 Amuntas.

201 1120 264 1193 Sed
285 1143 324 1194 tu
344 1123 448 1217 desine
469 1127 568 1220 plura
585 1144 688 1220 puer:
706 1127 908 1217 suaceffimus
935 1150 1042 1198 antro.

201 1215 275 1288 Ma.
305 1221 495 1292 Extiniium
519 1222 665 1317 numphae
689 1223 811 1293 crudeli
821 1221 939 1312 sunere
962 1226 1118 1319 Daphnin

201 1312 356 1388 Flebam:
380 1341 441 1390 uos
460 1320 561 1391 coruli
581 1313 690 1409 testes,
708 1319 750 1393 (5
763 1321 905 1416 flumina
929 1323 1088 1418 numphis.

200 1409 278 1481 Cum
299 1417 467 1510 complexa
486 1415 537 1499 sui
558 1435 675 1504 corpus
698 1413 873 1502 miserabile
895 1418 991 1492 nati,

199 1510 312 1603 Atque
336 1515 434 1590 deos,
463 1534 559 1607 atque
584 1509 667 1607 astra
686 1534 781 1584 vocat
807 1510 949 1583 crudelia
970 1534 1083 1585 mater.

199 1601 282 1676 Non
308 1607 367 1676 ulii
386 1604 488 1701 paslos
513 1608 581 1679 illis
604 1631 697 1703 egere
719 1609 830 1680 diebus

199 1701 361 1796 Frigida,
386 1706 541 1802 Daphni,
558 1704 654 1775 boves
676 1701 720 1774 ad
734 1705 890 1795 flumina,
907 1707 997 1778 nulla
1015 1733 1118 1804 neque
1135 1716 1205 1788 tim-1

252 1821 328 1867 nem
896 1860 902 1868 ,
1212 1824 1214 1829 ’

149 1892 152 1933 ²
201 1889 557 1995 Libavinquadrupen
577 1922 635 1967 nea
650 1896 813 1991 graminis
835 1900 945 1993 attigit
969 1899 1106 1969 herbam.

201 1986 357 2086 Daphni,
381 2017 471 2066 tuum
495 1998 606 2067 Panos
626 1996 720 2064 etiarn
746 1993 931 2088 ingemuiffie
959 1998 1064 2066 leones

201 2085 390 2170 interitum,
414 2089 593 2185 montesque
609 2085 679 2178 seri
698 2087 853 2184 filvaeqne
876 2092 1061 2189 loquuntur.

201 2181 251 2252 Da
275 2187 349 2256 hnis
374 2185 416 2260 (ἵ
441 2187 614 2259 Armenios
632 2210 730 2258 curru
744 2187 942 2282 subjungere
966 2190 1069 2283 tigres

198 2204 366 2372 insinuit:
390 2286 537 2377 Daphnis
562 2281 683 2366 thiasos
705 2282 854 2354 inducere
881 2286 1031 2368 Baccho,

200 2376 239 2446 Et
254 2377 357 2466 soliis
383 2381 485 2452 lentas
508 2382 650 2451 intexere
677 2379 824 2450 mollibus
846 2378 975 2474 hollos,

197 2473 235 2546 V
234 2476 291 2544 itis
315 2476 541 2548 utarboribus
565 2476 671 2546 decori
695 2472 761 2568 esi,
788 2496 824 2544 ut
854 2480 976 2550 vitibus
1002 2494 1099 2563 uvaej

196 2571 243 2637 Et
263 2571 419 2665 gregibus
445 2577 551 2652 tauri,
570 2570 696 2668 segetes
720 2593 756 2643 ut
778 2571 957 2669 pinguibus
981 2577 1093 2645 arvis:

198 2663 250 2734 Tu
275 2665 371 2738 decus
396 2691 487 2740 omne
510 2665 782 2764 tui12p0slqunm
807 2689 840 2738 te
859 2666 938 2757 sata
961 2673 1128 2754 tulerunti

196 2760 271 2847 Ipsa
297 2764 395 2834 Pales
414 2791 538 2863 agros,
561 2783 653 2858 atque
677 2767 741 2861 ipse
768 2765 897 2859 reliquit
922 2769 1056 2863 Apollo.

196 2861 345 2930 Grandia
356 2860 445 2955 saepe
470 2863 583 2957 quibus
604 2862 824 2942 mandavimus
850 2863 966 2934 hordea
976 2863 1102 2952 sultis,

194 2952 318 3040 Infelix
343 2960 477 3038 lolium,
496 2958 537 3032 db*
553 2955 681 3053 sieriles
705 2957 876 3044 naseuntur
896 2985 1029 3033 avenae

193 3052 264 3123 Pro
291 3056 381 3124 molli
403 3057 517 3135 viola,
538 3074 783 3151 pro-purpureo
807 3052 966 3148 narcisso,

195 3149 368 3230 Caedunt,
390 3149 431 3225 δ’
449 3150 555 3246 spinis
574 3150 685 3248 surgit
710 3152 858 3245 paliurus
886 3157 1000 3227 acutis.
1177 3231 1179 3235 ,

194 3247 349 3340 Spargite
373 3250 498 3319 humum
513 3244 632 3335 soliis,
660 3248 802 3318 inducite
822 3246 996 3339 frondibus
1018 3261 1117 3335 arasj

197 3339 370 3434 Poliones:
399 3344 530 3415 mandat
550 3343 628 3432 fleri
646 3342 710 3436 fibi
737 3344 818 3413 talia
841 3349 1005 3445 Daphnis.
1202 3355 1204 3358 ’

198 3443 240 3511 Et
263 3436 421 3514 tumulum
438 3439 568 3532 satire,
586 3439 627 3514 (7
642 3440 763 3512 tumulo
774 3439 988 3535 superaddite
1008 3466 1155 3514 carmen:

197 3537 346 3628 Daphnis
364 3562 454 3633 eg0,
477 3541 512 3608 in
531 3537 637 3617 blois,
658 3537 733 3606 hinc
750 3538 852 3627 usque
872 3543 913 3610 ad
935 3537 1038 3610 fidera
1059 3549 1183 3622 notusi

200 3633 346 3706 Formofi
373 3637 502 3728 pecoris
527 3635 635 3708 custos
656 3633 834 3705 formofior
860 3632 937 3725 ipse.
1068 3668 1072 3673 ·
1130 3641 1134 3649 '

198 3733 269 3808 Me.
295 3731 378 3808 Tale
402 3753 491 3803 tuum
517 3756 642 3802 carmen
667 3731 905 3810 nobis‚.divine
929 3748 1049 3828 poeta„
1115 3736 1117 3743 '
1173 3732 1188 3809 ’,

198 3830 307 3922 Quale
320 3828 420 3924 sopor
438 3829 525 3922 fests
549 3832 584 3901 in
610 3828 781 3926 gramine,
801 3828 899 3922 'quale
922 3847 979 3921 per
1004 3820 1110 3920 aslum

197 3927 313 4001 Dulcis
335 3951 428 4022 aquae
443 3930 585 4015 saliente
601 3925 689 4019 fitim
707 3919 909 4018 ,restinguere
933 3927 1015 3993 rivo.
1093 3933 1098 3943 ‘

197 4025 269 4107 Nec
287 4025 423 4107 earnis
438 4024 545 4116 solnm
568 4023 750 4189 aequipara?
763 4061 775 4097 ‚
788 4019 850 4107 sed
871 4043 949 4095 voce
969 4016 1177 4188 magslrupno

775 4139 799 4196 z
1138 4139 1198 4187 ΟΥ*
