2859 4709
213 444 285 535 '574
409 440 776 513 Pomrourr
823 388 1017 511 Manu
1158 459 1160 464 ·

206 566 385 661 spaciofior
413 568 511 666 quim
535 566 595 641 ubi
617 567 767 641 tariffima
788 563 835 653 eii
855 564 1003 641 Corsica
1041 565 1210 640 Caetemm

210 666 354 748 senilis,
385 666 421 743 ὃ(
448 668 506 739 soli
536 690 635 763 quarn
657 665 933 753 coeiimeiioris',
961 681 1060 757 atque
1085 683 1121 736 ut
1146 665 1209 738 ste·

212 768 321 837 cunda
353 768 395 837 ita
422 763 506 858 pene
530 758 694 856 pestilens.
734 763 776 834 ln
802 787 840 835 ea
860 761 1070 855 antiquissimi
1102 786 1213 855 popu·

212 860 324 933 iorum
351 860 421 933 sunt
446 860 593 934 Ilienses.
635 861 781 935 Urbium
811 857 1036 954 antiquiffimae
1065 858 1216 944 Caiaris,

212 955 251 1030 ἃ
281 958 403 1032 Sulchi.
444 961 489 1031 At
517 959 551 1030 in
583 959 720 1042 Gallia,
751 980 830 1052 quas
858 956 983 1027 referre
1014 958 1211 1038 conveniat,

212 1054 291 1126 ioiae
321 1055 394 1128 sunt
421 1054 646 1138 Stoechades,
675 1055 716 1128 ab
742 1079 799 1128 ora
828 1055 1001 1154 Ligurum
1029 1055 1068 1126 ad
1091 1053 1214 1131 Maisa-

213 1151 293 1223 iiam
321 1150 424 1244 usque
454 1152 611 1246 disperse.
662 1152 809 1225 Baleares
839 1153 872 1221 in
909 1147 1074 1243 Hispania
1101 1170 1216 1224 contra

213 1245 475 1325 Tarraconensia
504 1253 613 1325 littora
641 1249 731 1332 fitae,
759 1273 828 1321 non
860 1250 963 1342 longe
995 1249 1083 1320 inter
1108 1247 1138 1320 se
1167 1249 1216 1320 di·

212 1343 326 1428 siant,
360 1344 396 1419 ὅ(
427 1373 471 1418 ex
509 1346 616 1438 spacio
652 1349 712 1419 suo
752 1345 1015 1443 cognominibus
1050 1347 1215 1440 acceptis,

212 1438 398 1532 Maiores,
431 1444 666 1539 Minoresque'
686 1443 911 1536 perhibentur.
938 1446 941 1451 ’
966 1442 1112 1519 Casieiia
1145 1445 1215 1514 sunt

210 1535 247 1605 in
276 1538 463 1613 minoribus
485 1542 633 1623 Iamno,
658 1539 844 1636 &Magoz
874 1541 907 1612 iu
933 1539 1121 1631 majoribus
1145 1543 1214 1612 Pai-

173 1674 188 1685 ··
210 1652 292 1714 mar
324 1635 360 1710 &
387 1639 537 1714 Polentia
569 1639 720 1712 coioniae.
762 1636 891 1712 Ebusus
915 1635 934 1711 ‘e
957 1639 1107 1734 regione
1141 1663 1213 1732 pro·

212 1732 403 1815 montorii,
431 1739 523 1830 quod
553 1736 587 1808 in
613 1737 810 1811 Sucronem
840 1735 909 1809 sinu
939 1735 1134 1808 Ferrariam
1158 1759 1213 1811 vo·

184 1833 308 1910 eant,
334 1833 456 1903 eodem
483 1836 619 1907 nomine
647 1831 767 1906 urbem
794 1833 917 1916 habet,
944 1832 1128 1905 frumentis
1154 1850 1213 1904 tan·

213 1940 289 1996 tum
321 1952 388 2000 non
417 1928 612 2018 foecunda,
647 1935 689 2004 ad
721 1933 783 2006 alia
811 1931 962 2026 lagior,
992 1927 1031 2006 ὅ(
1067 1931 1212 2004 omnium

216 2023 412 2097 animalium
445 2055 521 2124 quae
548 2050 699 2113 nocent,
734 2025 817 2104 adeb
846 2048 994 2127 expers,
1020 2044 1058 2100 ut
1086 2053 1149 2100 nec
1181 2052 1212 2100 ea

210 2121 353 2214 quidem
379 2149 455 2217 quae
484 2130 526 2197 de
554 2123 735 2224 agrestibus
758 2127 850 2200 mitia
881 2125 998 2206 siunt,
1028 2142 1087 2198 aut
1119 2148 1211 2220 gene·

210 2238 287 2297 reta
316 2237 371 2293 aut
397 2220 572 2297 fitnveata
597 2226 694 2306 sunt,
719 2223 878 2297 sustineat.
920 2224 1052 2297 Contra
1078 2222 1209 2296 est·Cu·

214 2313 380 2400 iubraria,
407 2319 502 2414 cujus
524 2320 706 2396 meminisse
729 2323 887 2397 succurrit
898 2353 917 2398 ‚·
936 2317 1029 2415 qubd
1051 2344 1134 2396 cum
1158 2317 1212 2391 sca·

213 2427 282 2484 teat
310 2415 417 2488 multo
454 2441 491 2487 ac
525 2418 677 2516 malefico
706 2445 830 2518 genere
864 2418 1084 2511 serpentum,
1116 2413 1154 2488 ὅ(
1181 2413 1214 2486 srt

193 2515 295 2592 iden
330 2508 579 2598 inhabiiabiiis,
608 2537 719 2590 tamen
750 2516 897 2614 ingressis
931 2540 1037 2594 eam,
1063 2513 1159 2613 intra
1186 2513 1217 2583 id

212 2620 382 2714 spacium,
406 2616 503 2715 'quod
529 2616 703 2691 Ebusitana
730 2616 835 2687 humo
861 2611 1218 2705 circumsignaverunt,

216 2726 284 2789 inre
314 2745 457 2811 pernicie
483 2739 551 2789 tuta
581 2722 649 2798 eti,
672 2715 788 2785 iisdem
815 2710 876 2782 illis
904 2705 1137 2804 serpentibus,
1164 2704 1217 2798 qui

216 2811 321 2885 soient
357 2815 476 2888 obvios
508 2830 693 2907 appetere,
729 2808 899 2900 aspeiium
935 2812 1009 2905 ejus
1043 2803 1219 2895 pulveris,

216 2910 371 2996 atiudve,
391 2912 530 3007 prorui,
551 2908 589 2986 δὲ
609 2932 688 3005 cum
709 2928 833 3002 pavore
852 2902 1069 2999 fugientibus.
