2859 4709
194 414 310 519 '9'6
427 426 508 499 De
555 425 730 497 Aure
777 427 1090 497 Poerrcni

261 550 354 639 quod
374 545 489 619 inscios
512 548 687 620 comitatur
706 552 833 620 Poe'tas.
871 549 961 621 Nam
992 549 1071 619 sicut
1094 543 1258 618 scabiosos

261 645 297 717 ἂ
320 645 507 735 phanaticos
527 644 667 716 solemus
689 645 852 738 fugitare:
869 649 911 717 ita
927 648 983 737 qui
1005 645 1146 736 sapiunt,
1166 641 1254 730 vesa-

177 766 181 771 ·
260 764 341 813 nutn
361 744 495 814 Po'e'tam
517 739 723 821 aversantur,
750 743 905 837 praetere'a
923 744 1105 835 exagitatur
1129 739 1147 808 {a
1171 764 1253 829 pue-

261 837 327 917 tis,
344 837 380 911 ὃ(
405 837 441 908 fit
464 841 557 933 vulgi
582 837 712 908 fabula:
734 863 794 908 nec
814 837 876 930 jam
902 841 972 909 vult
998 837 1188 920 lervari,&
1213 837 1255 906 ad

261 935 436 1004 meliorem
464 959 610 1005 mentem
639 934 780 1005 reduci:
803 934 993 1026 erroresque
1022 933 1095 1005 suos
1124 936 1256 1026 diligit,

261 1031 365 1103 veluti
382 1031 438 1123 qui
454 1033 487 1100 in
503 1051 641 1122 puteum
658 1031 796 1109 decidit,
807 1054 867 1100 nec
883 1029 905 1099 st
924 1034 995 1122 quis
1011 1029 1182 1101 demittere
1203 1029 1254 1099 fu·

260 1143 340 1196 rtem
360 1148 472 1204 curet,
492 1128 558 1216 ipse
576 1127 693 1200 servari
712 1128 800 1197 velit.
836 1128 1132 1216 Quemadmodum
1153 1124 1255 1217 Agri-

261 1223 416 1316 gentinus
436 1225 656 1312 Empedncles
676 1220 892 1315 philosophus
910 1223 945 1294 ὅ(
969 1225 1070 1293 Poe'ta
1093 1223 1172 1290 dum
1201 1221 1255 1290 Si·

261 1317 354 1390 culos
375 1317 464 1386 suam
480 1339 625 1390 mortem
639 1321 744 1390 voluit
764 1321 869 1389 celare
893 1339 929 1390 ut
948 1343 1007 1414 pro
1029 1321 1108 1388 Deo
1129 1317 1255 1387 colere·

263 1432 340 1491 tur,
365 1412 429 1482 sel'e
456 1413 487 1481 in
519 1417 652 1486 AEtnam
675 1413 910 1506 precipitavit:
937 1418 1097 1494 Pereunt,
1121 1429 1254 1504 pereant

262 1509 390 1582 fanatici
407 1510 542 1588 Poaae,
563 1514 692 1603 quando
706 1510 741 1582 δι
756 1511 873 1583 volunt
897 1509 955 1602 ipsr
975 1511 1098 1601 perire:
1127 1533 1194 1579 non
1219 1507 1254 1577 fit

263 1608 345 1696 qui,
368 1630 435 1699 quo
459 1607 566 1679 minus
585 1610 617 1678 id
642 1606 782 1690 faciant,
799 1605 926 1697 obstet:
950 1631 1023 1676 nam
1044 1608 1179 1677 invitum
1202 1603 1255 1701 qui

256 1701 389 1792 servat,
412 1703 494 1773 idem
505 1701 593 1792 facit
617 1704 784 1777 occidenti.
823 1703 893 1774 Hic
916 1701 1092 1775 versiculus
1111 1726 1177 1771 non
1198 1727 1255 1795 pa·

260 1823 337 1871 turn
360 1816 493 1891 torquet
516 1801 679 1880 eruditos,
713 1800 890 1870 nonnullos
916 1798 1014 1870 etiam
1051 1799 1255 1874 Grammati-

233 1900 235 1904 ’
262 1918 347 1986 cos:
374 1914 404 1965 at
431 1893 514 1966 vetd
542 1893 567 1966 st
595 1894 777 1966 consideres
802 1894 983 1966 Horatium
1011 1895 1185 1986 aliquando
1213 1916 1255 1966 ex

262 1991 395 2066 Graecis
417 1991 572 2083 plurimas
596 1992 752 2084 loquendi
777 1990 935 2062 formulas
959 1990 1148 2081 arripuille,
1176 1991 1254 2061 nul·

262 2086 314 2159 lus
344 2087 398 2157 htc
429 2087 597 2178 scrupulus
621 2086 814 2157 remanebit.
857 2087 939 2159 Hoc
963 2112 1085 2158 nomen
1114 2086 1255 2179 (idern)

259 2186 349 2274 apud
382 2185 522 2257 Graecos
545 2178 616 2272 apti
640 2184 789 2278 jungitur
813 2185 949 2276 dativis:
980 2202 1016 2258 ut
1041 2182 1063 2253 fi
1087 2185 1173 2256 dicas
1196 2184 1255 2254 lm-

263 2279 323 2348 dco
347 2280 430 2351 idem
457 2301 568 2348 nornen
588 2303 622 2348 rc
648 2281 677 2357 i,
702 2282 767 2351 hoc
791 2282 866 2363 est,
894 2278 999 2350 habeo
1022 2282 1110 2350 idem
1132 2302 1255 2349 nomen

167 2402 170 2419 ·
259 2397 340 2545 {igin
363 2397 455 2485 rege.
491 2372 576 2539 lUsus
594 2303 686 2450 eli&
700 2375 834 2448 Lucret.
855 2377 915 2448 hac
938 2377 1095 2471 loquendi
1112 2373 1255 2448 formula

258 2491 367 2565 ·t.3.
392 2495 425 2540 tn
452 2493 549 2543 care.

309 2602 408 2678 Adde
420 2589 664 2674 Heliconiadum
678 2601 827 2671 comites:
838 2624 968 2693 quorum
980 2620 1060 2669 unus
1073 2596 1257 2681 Homerus,

310 2705 446 2797 Sceptra
464 2698 608 2795 potitus,
628 2696 735 2767 cadem
758 2695 834 2768 aliis
847 2695 973 2792 sopitus
995 2694 1096 2787 quiete
1115 2687 1169 2785 ιβ.

259 2822 306 2897 Et
331 2820 474 2892 Ovidius
499 2819 539 2902 in,
551 2818 651 2888 Ibin:

313 2942 418 3032 thue
439 2937 562 3009 duodus
583 2935 664 3008 idem
685 2933 780 3006 ditiis
802 2926 891 3005 modd
914 2950 1026 2997 nomen
1045 2925 1184 2998 habenti.

255 3056 463 3134 ‘Sententiam
483 3056 564 3133 verd
583 3058 801 3130 Horatianam
824 3048 976 3142 expreffit
996 3044 1113 3118 clarius
1134 3046 1258 3117 Seneca

254 3150 301 3245 ,ἶη
323 3153 483 3231 Thebaide
504 3155 673 3248 inquiens:

270 3338 273 3343 .
360 3271 514 3352 Occidere
537 3271 600 3373 ιβ,
623 3294 732 3352 vetare
755 3273 931 3370 cupierunt
954 3260 1062 3356 mori..
