2859 4709
534 368 858 464 Porrtdm
1154 420 1204 500 ῃ

202 511 267 585 dem
289 511 420 595 Jovem
445 533 489 585 ex
514 511 601 585 fama
626 512 896 608 cognoscimus,
924 515 1116 613 Augustum
1149 532 1202 601 vi-

201 612 310 682 demus
335 609 542 704 praesentem.
586 612 705 702 Quum
731 616 843 705 potius
868 612 904 683 lit
928 620 1062 705 querela
1086 647 1202 701 contra

198 707 401 791 Romanos,
433 709 491 802 qui
524 730 629 800 quum
656 710 697 777 ad
725 715 824 780 decus
857 710 893 783 dt
932 712 1114 787 libertatem
1142 722 1202 796 lint

198 806 276 887 nti,
305 829 379 878 non
405 802 596 876 erubescant
619 805 738 896 captivi
764 809 877 878 vivere
900 804 917 875 is
943 816 1044 901 patria
1073 819 1202 904 procul.

197 902 313 998 Incipit
335 905 443 1000 igitur
462 902 626 975 Horatius
651 901 691 972 ab
715 902 958 997 indignatione:
982 909 1106 1001 Neque
1128 939 1202 985 cre.

196 1001 298 1079 dimus
323 1002 451 1082 Jovem
473 1002 507 1071 in
534 1000 625 1070 coelo
650 1024 812 1092 regnare.-
833 1025 894 1071 nec
913 1002 1085 1098 Augullus
1106 1034 1202 1083 mor.

197 1100 259 1171 talis
287 1098 435 1171 habetur
459 1098 590 1176 Deus,
617 1095 654 1168 d<
678 1097 769 1167 urbis
798 1096 936 1177 cullas,
967 1104 1099 1192 quando
1130 1108 1203 1181 haec

194 1194 314 1291 flagitia
336 1194 615 1273 committuntur,
630 1212 665 1264 ut
678 1191 784 1263 'miles
811 1194 985 1268 Romanus
1007 1200 1113 1274 Pe'rlis
1135 1206 1203 1275 l'er·

195 1293 278 1372 viat,
305 1293 344 1366 δι
374 1287 699 1383 Carthaginenlibus.
745 1291 811 1359 Sed
839 1293 950 1363 omnia
976 1296 1062 1366 velie
1090 1299 1202 1390 perle-

193 1391 246 1482 qui
267 1392 415 1483 longum
438 1388 508 1468 est,
530 1386 639 1456 omnia
662 1387 752 1457 enim
775 1385 846 1458 sunt
869 1389 1043 1483 ejusmodi.
1083 1398 1202 1487 Quare

191 1483 392 1578 inspicienda
416 1484 598 1556 methodus
622 1481 699 1558 cll,
732 1485 765 1555 in
789 1510 853 1575 qua
881 1486 1011 1578 semper
1036 1489 1202 1569 Horatius

192 1581 234 1656 ita
273 1582 358 1655 fallit
382 1581 568 1655 auditorem
592 1593 673 1661 fut
697 1577 765 1649 nili
799 1581 943 1678 Lynceis
971 1592 1200 1683 contemplere

192 1679 334 1754 oculis,
356 1683 463 1751 eredas
485 1680 579 1750 illum
605 1692 738 1749 centum
761 1677 923 1769 propofita
946 1682 979 1751 in
1002 1680 1106 1779 satyra
1134 1712 1202 1761 una

169 1860 172 1869 Ι
195 1799 342 1871 urgere:
363 1772 439 1847 crim
459 1773 597 1869 fimplex
610 1773 646 1847 lit
661 1795 765 1843 unum
792 1770 851 1856 fit,
878 1780 971 1868 quod
993 1800 1203 1875 unaquaque

192 1869 301 1969 satyra
328 1872 380 1944 vel
399 1869 530 1964 epistola
552 1873 726 1944 contineat.
765 1869 983 1962 Experiamur
1007 1873 1042 1942 id
1068 1878 1100 1947 in
1118 1881 1203 1951 Arte

192 1971 359 2049 Po'e‘tica,
388 1973 429 2040 ad
456 1969 551 2063 cujus
579 1965 831 2063 expeditionem
859 1965 939 2038 ciem
967 1968 1077 2059 plures
1103 1974 1203 2066 quim

194 2072 231 2139 ad
256 2068 365 2140 vellus
392 2090 529 2138 aureum
559 2063 797 2159 properarint,
834 2065 943 2137 nullus
977 2083 1088 2137 tamen
1123 2073 1204 2163 quid

194 2166 260 2237 auri
278 2168 420 2245 lateret,
445 2163 600 2235 ltadienus
624 2158 866 2235 demonstravit.
884 2159 940 2233 sed
964 2162 1070 2235 lanam
1092 2185 1203 2241 exter·

196 2285 299 2346 nam,
333 2285 476 2350 eamque
504 2261 692 2352 caprinam,
715 2280 778 2348 pro
803 2283 906 2331 aureo
933 2260 1056 2333 vellere
1085 2286 1202 2340 omues

197 2357 362 2430 ostentant.
409 2357 523 2429 Paucis
545 2357 646 2450 igitur
665 2355 836 2448 praecptis
856 2356 1043 2450 perfectum
1061 2365 1197 2452 poe'tam

197 2456 289 2527 nobis
318 2451 472 2524 describit
507 2454 699 2533 Horatius,
726 2475 801 2544 quae
828 2454 944 2527 ordine
972 2458 1101 2546 optimo
1132 2457 1204 2528 sunt

196 2553 365 2624 collocata.
410 2549 541 2623 Pisones
568 2551 702 2624 invenio
734 2544 826 2617 fuille
859 2553 1051 2629 rediimus,
1083 2552 1204 2645 quibus

196 2675 280 2721 cura
306 2649 371 2720 fuit
399 2648 576 2720 Comoedis
597 2648 731 2736 praemia
755 2643 966 2718 distribuere:
991 2670 1074 2738 quos
1095 2650 1203 2719 credi·

194 2746 260 2818 bile
287 2745 335 2816 est
358 2743 482 2834 periille
508 2743 548 2814 ab
575 2744 723 2817 Horatio
748 2763 904 2815 normam
929 2765 992 2837 qua
1015 2743 1048 2816 id
1071 2743 1197 2838 possent

191 2867 255 2938 pro
282 2842 409 2915 meritis
433 2841 593 2934 praestare.
861 2870 865 2876 ¹

243 2991 565 3122 animun
617 3012 1143 3138 PRAEcaeru'M,

195 3231 259 3314 De
280 3230 364 3348 fine
393 3230 445 3321 d?
463 3230 578 3346 scopo
607 3263 716 3348 quem
751 3234 887 3314 intueri
918 3232 1026 3315 debet
1062 3231 1198 3316 Po'e'ra.

260 3427 293 3496 It
322 3427 415 3520 quod
440 3429 488 3497 vis
513 3424 655 3497 scribere
671 3422 809 3522 fimplex
841 3429 998 3498 duntaxat
1028 3423 1069 3497 &¹
1093 3449 1201 3496 unrrm.

251 3526 319 3605 ,At
347 3525 432 3595 dicat
458 3524 594 3615 aliquis:
625 3524 739 3595 Poc'tae
764 3523 815 3593 his
842 3521 971 3617 legibus
994 3545 1062 3590 non
1090 3520 1200 3590 astrin-

195 3635 336 3715 guntur:
366 3620 459 3691 liberi
482 3622 571 3692 enim
596 3618 688 3700 sunt,
716 3620 1003 3713 quemadmodum
1024 3613 1061 3686 δί
1086 3616 1201 3708 picto-

197 3741 257 3788 res
297 3717 451 3800 Falleris,
473 3715 639 3809 inquit‚li
660 3716 717 3788 illa
740 3716 931 3808 simpliciter
947 3711 1077 3800 accipis.
1113 3713 1202 3802 Quis
1230 3798 1233 3804 ,

196 3815 283 3884 enim
307 3839 375 3883 non
400 3815 532 3885 irrideat
558 3815 721 3904 pidlorem
748 3815 871 3894 illum,
899 3811 955 3902 qui
983 3803 1062 3879 riam
1093 3810 1203 3902 virgi·

196 3935 271 3982 nem
295 3912 436 4004 pingere
463 3909 652 3988 destinarit,
679 3910 827 4002 pulcram
854 3907 886 3975 ei
911 3905 1031 3975 faciem
1055 3904 1201 3988 tribuat,

195 4010 323 4084 collum
347 4009 533 4104 equinum,
557 4005 715 4102 variisque
744 4003 868 4101 plumis
890 4002 1049 4100 obtegat,
1075 4002 1204 4166 piddiura

1129 4121 1204 4167 ent-
