2859 4709
316 394 372 448 na
396 389 507 451 s1¹ru
531 381 691 451 onais.
730 356 846 450 Libit.
871 379 957 470 C.9.·
1080 383 1153 489 53?

203 506 250 567 tle
283 495 388 567 adhuc
412 517 548 584 terrea,
578 499 735 570 visuntur.
783 496 908 571 Crescit
937 520 1058 589 porro,
1081 498 1152 572 five

205 593 252 662 od
275 590 388 665 soluta:
419 596 547 689 magnis
571 595 701 666 aeslibus
725 594 844 674 nives,
877 618 921 666 ex
952 593 1149 669 immanibus

206 687 339 780 thiopiae
368 673 458 785 jug'is
489 693 610 786 largius
634 712 732 784 quam
762 690 839 782 ripis
870 691 976 783 accipi
1008 711 1149 783 queant,

207 782 342 857 luunt:
365 785 430 857 sive
458 784 549 879 qubd
580 785 626 859 sol
659 787 782 883 hyeme
809 789 901 859 terris
928 788 1088 884 propior,
1112 785 1150 862 dt

233 880 267 951 id
294 881 421 953 fontem
452 884 522 974 ejus
554 884 733 961 minuens,
758 884 791 952 in
819 883 926 956 aeslate
951 904 1028 955 tunc
1055 883 1149 970 altius

211 991 249 1055 t,
273 976 412 1073 sinitque
436 979 623 1074 integrum,
645 980 681 1060 &
705 997 742 1050 ut
772 979 818 1050 est
841 980 1061 1073 plenissmus,
1081 978 1149 1052 sur·

211 1096 256 1143 :et
281 1073 345 1146 live
368 1074 459 1169 qubd
482 1100 540 1167 per
564 1101 602 1148 ea
624 1094 774 1166 tempora
794 1076 909 1148 slantes
936 1075 1072 1155 Erebe,
1092 1094 1148 1149 aut

212 1191 242 1240 ts
265 1167 283 1241 l
308 1172 526 1264 septentrione
550 1175 583 1242 in
602 1173 776 1246 meridiem
801 1175 906 1245 nubes
928 1173 1026 1265 super
1052 1169 1148 1263 prin-

213 1263 239 1337 la
266 1266 337 1362 ejus
351 1267 465 1341 ¹imbre
490 1270 714 1362 precipitant,
734 1288 790 1339 aut
811 1270 955 1341 venienti
980 1268 1070 1341 obvii
1092 1270 1149 1339 ad·

213 1359 250 1434 so
284 1365 422 1457 spiritu,
451 1363 581 1443 cursum
607 1364 831 1437 descendentis
857 1367 1064 1459 impediunt:
1092 1381 1148 1438 aut

214 1460 302 1539 cuis,
317 1486 397 1553 quas
413 1483 491 1530 cum
510 1458 666 1534 flubiibus
686 1461 787 1535 littori
805 1464 965 1554 applicant
986 1460 1065 1536 bilia
1085 1463 1148 1556 obe

214 1574 300 1629 :unta
322 1558 426 1650 sitque
449 1554 574 1650 majos,
591 1556 643 1627 vel
662 1554 753 1650 qubd
774 1556 857 1629 nihil
870 1583 912 1630 ex
927 1558 1027 1631 semet
1050 1560 1148 1653 amit·
1190 1597 1198 1617 κ

237 1652 291 1724 vel
313 1650 401 1744 qubd
422 1652 495 1744 plus
508 1677 619 1748 =quam
637 1650 717 1725 solet
740 1656 875 1747 accipit:
895 1655 948 1727 vel
975 1659 1064 1747 quod
1083 1661 1147 1728 mi-

242 1744 339 1841 qu'am
371 1748 469 1821 debet
496 1750 626 1822 emittit.
670 1750 775 1841 Quod
801 1751 826 1822 st
854 1749 900 1820 ell
925 1750 1005 1831 alter
1034 1753 1147 1837 orbis,

215 1860 291 1937 tque
312 1844 453 1938 oppositi
481 1844 577 1927 nobis
602 1845 619 1916 'a
641 1849 779 1918 meridie
801 1845 1074 1926 Antichthones,
1104 1873 1147 1920 ne

215 1941 236 2008 d
259 1942 392 2035 quidem
417 1940 436 2012 it
459 1967 540 2016 vero
560 1941 701 2017 nimium
723 1940 923 2021 abscesserit,
944 1944 976 2013 in
999 1944 1060 2015 illis
1082 1965 1148 2016 ter·

221 2057 331 2111 ortum
352 2063 509 2121 amnem,
532 2039 591 2140 ubi
610 2040 720 2112 subter
740 2042 841 2111 maria
863 2063 953 2112 caeco
971 2040 1067 2111 alveo
1089 2065 1148 2132 pe·

216 2137 353 2221 faverit,
377 2136 410 2206 in
438 2134 554 2208 noslris
579 2135 691 2209 rursus
722 2159 923 2231 emergere,
953 2133 989 2209 δι
1020 2137 1081 2208 hac
1109 2162 1147 2208 re

217 2227 292 2302 licio
312 2231 748 2326 accrescere.·quod'tumh
775 2255 845 2304 ems
865 2229 902 2302 sit
921 2236 1008 2305 unde
1030 2239 1146 2306 oritur.

218 2351 228 2396 ι
253 2352 389 2422 quoque
409 2331 442 2399 in
462 2328 513 2402 his
534 2332 627 2401 terrie
642 2331 725 2403 mira
746 2261 830 2404 bnt.
872 2329 913 2398 ln
938 2331 1082 2422 quodam
1100 2333 1146 2403 la-

218 2422 372 2500 Chemnis
394 2427 494 2498 insula
516 2426 609 2499 lucos
628 2424 844 2523 sylvasque&
859 2425 1022 2516 Apollinis
1046 2452 1146 2523 gram,

219 2519 367 2597 sustinens
393 2525 589 2615 templum,
619 2541 729 2594 natat:
759 2522 795 2597 dr
823 2546 1023 2617 quocunque
1055 2523 1146 2595 venti

219 2636 278 2698 nt,
296 2620 441 2711 pellitur.
484 2619 676 2714 Pyramides
694 2617 858 2691 tricenum
880 2620 1006 2709 pedum
1032 2619 1146 2714 lapidi-7

235 2719 413 2794 extrudet,
439 2741 579 2811 quarum
603 2717 746 2789 maxima
772 2715 863 2804 (tres
889 2738 1029 2808 namque
1054 2714 1145 2808 sunt)

220 2827 290 2884 tuor
315 2811 385 2883 fere
406 2813 466 2884 soli
485 2813 619 2907 jugera,
642 2811 697 2885 sua
723 2811 798 2883 sede
820 2827 960 2900 occupat
973 2813 1147 2890 :totidem

220 2907 422 2981 altitudinem
457 2912 605 3005 erigitur.
655 2909 781 2983 Moeris
813 2908 986 2999 aliquando
1013 2932 1147 3001 campus

220 3005 372 3084 elneus,
404 3006 523 3102 viginti
549 3005 651 3095 millia
675 3004 823 3098 passuum
848 3003 881 3074 in
909 3005 1048 3078 circuitu
1078 3031 1146 3096 pa·
1217 3065 1223 3078 .

226 3141 238 3180 ‚
264 3102 358 3172 altior
378 3126 476 3195 quam
495 3106 535 3174 ad
553 3105 776 3197 navigandum
795 3103 944 3195 magnis,
962 3102 1147 3193 onustisque

220 3195 287 3268 ibus
315 3199 387 3268 satis
415 3199 471 3271 est.
520 3198 751 3271 Psammetichi
782 3220 865 3289 opus
898 3197 1146 3294 Labyrinthus,

220 3315 270 3364 tos
294 3306 342 3365 ter
356 3296 642 3393 mille,&regias
663 3295 842 3368 duodecim
861 3312 1023 3382 perpetuo
1041 3294 1146 3385 parie-

220 3388 337 3464 ambitu
361 3393 557 3483 amplexus,
582 3417 749 3466 marmore
767 3390 935 3464 extrublus
963 3413 1000 3460 ac
1020 3393 1146 3491 tebius,

220 3512 252 3559 tn
277 3487 368 3558 inse
391 3488 578 3561 descensum
599 3485 718 3572 habel,
743 3482 829 3558 stitus
852 3508 937 3576 pene
959 3486 1147 3560 innumera-

220 3610 229 3656 ς
254 3585 342 3666 vias,
365 3586 477 3659 multis
498 3587 695 3684 ambagibus
714 3587 779 3658 buc
806 3582 941 3664 &illuc
962 3585 1146 3654 remeanti-

221 3710 227 3752 :
250 3684 307 3754 sed
327 3682 484 3755 continuo
509 3682 675 3765 austasio,
694 3680 731 3756 dt
754 3679 838 3771 saepe
859 3681 1021 3753 revocatis
1042 3684 1146 3773 porti-

221 3805 239 3852 s
270 3778 455 3870 ancipites,
487 3777 605 3872 quibus
636 3775 774 3850 subinde
805 3775 906 3848 alium
937 3773 1035 3869 super
1058 3778 1146 3862 ,alios

221 3905 262 3948 tm
285 3872 484 3969 agentibus,
498 3877 533 3952 a<
548 3875 684 3949 subinde
705 3891 831 3948 tantum
849 3874 1007 3944 redeunte
1034 3871 1147 3956 flexu,

222 3971 554 4075 ttumprocelseret,
576 3999 698 4073 magno
724 3975 761 4056 dc
786 3967 1006 4065 inexplicabili
1037 3989 1153 4040 tamen

583 4098 586 4102 “
1051 4085 1180 4140 errare
