2859 4709
347 413 402 467 nu
429 406 542 468 stru
567 376 732 464 Oasis.
772 340 1053 486 Lis.11r.C.5.-
1139 399 1208 492 583

205 549 403 609 murmure,
435 524 611 618 sonansque
635 519 822 594 devolvitur
845 518 930 591 adeb'
953 518 1059 603 citus,
1082 538 1120 595 ut
1145 534 1211 615 qm

205 647 251 695 ex
277 624 437 716 praecipiti
464 621 593 696 rasurus
615 619 690 704 esi,
713 617 747 687 in
773 613 952 710 subjediam
976 641 1044 688 non
1070 619 1227 689 declinet.

205 718 311 792 statim
337 725 482 802 undam,
508 717 563 790 sed
582 717 667 789 ultra
688 738 788 806 quam
814 713 962 783 canalem
987 711 1107 796 haber,
1131 741 1211 786 eve-

206 813 288 900 hat,
307 817 379 910 plus
405 818 528 912 jugeris
549 813 653 907 spatio
676 808 846 892 sublimis,
863 808 900 882 δί
924 811 1017 904 aquis
1040 812 1214 903 pendenti-

207 908 270 984 bus
295 906 504 1006 semetipsum
533 909 598 983 fine
623 909 719 982 alveo
744 905 883 978 ferens:
923 908 1042 985 deinde
1075 905 1134 978 ubi
1162 910 1214 978 in-

205 1031 354 1092 curvus,
379 1028 580 1104 arquatoque
604 1029 701 1078 amne
732 1000 926 1085 descendit,
952 1003 990 1075 sit
1022 1006 1213 1098 tranquillus

206 1105 392 1202 iterumque
416 1131 476 1200 per
498 1128 635 1196 campos
660 1104 776 1174 tacitus
797 1094 869 1183 ,δι
899 1099 959 1173 vix
985 1099 1089 1173 fluens
1121 1101 1153 1170 in
1178 1101 1214 1172 id

207 1201 296 1275 littus
310 1204 458 1276 elabitur.
498 1203 610 1298 Cyrus
624 1201 660 1274 &
674 1195 860 1294 Cambyses
882 1220 926 1269 ex
949 1196 1115 1270 radicibus
1142 1197 1218 1270 Co-

207 1302 308 1370 raxici
333 1304 455 1373 montis
487 1300 601 1376 vicinis
637 1298 786 1367 sontibus
817 1295 927 1370 editi,
956 1296 1005 1370 &¹
1024 1297 1059 1366 in
1089 1295 1217 1368 diversa

208 1392 353 1469 abeunt:
379 1418 502 1487 perque
531 1393 674 1474 Iberus,
708 1392 745 1464 ὅ(
773 1391 953 1487 Hyrcanos
977 1391 1035 1465 diu
1064 1393 1101 1465 ἃ
1125 1393 1216 1464 mul-

208 1506 281 1563 tum
309 1489 510 1563 distantibus*
530 1489 628 1560 alveis
656 1485 836 1558 defluunt:
871 1488 944 1577 post
972 1512 1040 1562 non
1067 1487 1215 1587 longe¹a

210 1588 293 1657 mari
320 1591 440 1659 eodem
463 1588 534 1657 lacu
560 1587 707 1675 accepti,
730 1584 762 1653 in
783 1581 982 1679 Hyrcanum
1010 1585 1117 1657 smum
1142 1611 1214 1660 uno

210 1707 270 1754 ore
289 1685 496 1776 perveniunt.
538 1681 709 1761 Iaxartes,
728 1680 764 1752 δι
786 1680 884 1749 Oxos
904 1703 966 1771 per
989 1680 1114 1755 deserta
1131 1685 1218 1779 Seq-

211 1777 290 1851 thiae
335 1805 377 1853 ex
425 1777 671 1873 Sogdianorum
707 1775 901 1871 regionibus
953 1775 985 1846 in
1021 1779 1218 1873 Scythicum

211 1896 357 1948 exeunt:
382 1877 436 1946 ille
459 1877 520 1948 suo
547 1873 639 1945 fonte
661 1873 812 1970 grandis,
839 1873 894 1942 hic
916 1873 1047 1946 incursu
1071 1877 1216 1966 aliorum

210 1977 386 2067 grandior,
412 1971 448 2045 ὅ(
471 1972 658 2062 aliquandiu
679 1973 720 2042 ad
740 1967 893 2042 occasum
919 1967 960 2042 ab
988 1975 1115 2062 oriente
1140 1997 1214 2045 cur-

210 2091 307 2152 rens,
334 2070 424 2162 juxta
448 2068 563 2141 Dahas
586 2068 734 2160 primum
759 2065 961 2137 inflectitur.-
987 2065 1150 2160 cursuque
1174 2070 1217 2148 ari

209 2162 468 2260 septentrionem
495 2165 678 2246 converso,
707 2166 792 2234 inter
820 2164 1051 2239 Amardos&
1078 2165 1216 2242 Paelicas

211 2285 250 2334 os
276 2266 392 2354 aperit.
441 2262 575 2359 Sylvae,
601 2262 661 2334 alia
685 2283 820 2353 quoque
848 2259 946 2342 dira,
977 2263 1126 2335 animalia
1156 2289 1217 2336 ve-

210 2381 286 2430 rum
307 2358 482 2456 &Tigres
506 2356 637 2436 ierunt,
663 2362 779 2450 utique
804 2355 985 2454 Hyrcaniae
1007 2359 1130 2440 saenum
1147 2361 1217 2432 ier·

209 2479 322 2527 rarum
351 2479 488 2550 genus,
520 2454 557 2527 δι
576 2453 682 2550 usque
708 2478 751 2537 eq
777 2455 925 2546 pernix,
951 2474 988 2527 ut
1017 2455 1080 2529 illis
1114 2459 1217 2553 longe

210 2576 346 2644 quoque
370 2547 578 2646 progressum
602 2551 761 2643 ,equitem
788 2548 972 2640 consequi,
1001 2576 1062 2622 nec
1088 2572 1218 2627 tanturn

213 2646 347 2727 semel,
382 2647 437 2720 sed
476 2645 651 2741 aliquoties
689 2649 788 2717 eriam
812 2643 910 2718 cursu
946 2651 1035 2719 unde
1071 2651 1218 2742 coeperit

212 2741 350 2814 subinde
375 2745 542 2836 repetito,
576 2744 709 2816 solitum
739 2743 776 2816 δί
803 2741 898 2813 facile
933 2742 980 2815 stt.
1031 2745 1138 2819 Causa
1175 2771 1220 2821 err

211 2863 254 2910 eo
290 2838 361 2924 est,
390 2843 483 2933 quod
515 2840 575 2912 ubi
613 2841 668 2912 ille
705 2839 903 2933 interceptos
941 2863 1055 2924 earum
1092 2844 1220 2918 cetulos

213 2936 299 3010 citus
324 2940 422 3029 carpit
443 2934 603 3018 avehere,
638 2934 766 3011 rabiem
791 2934 1126 3028 appropinquantium
1149 2940 1220 3012 fru-

210 3031 392 3119 straturus,
423 3033 493 3107 astu
516 3059 621 3105 unum
648 3034 690 3102 de
716 3030 868 3123 pluribus
894 3035 1039 3115 omittit,
1064 3035 1117 3107 lrae
1138 3060 1221 3130 pro·

211 3128 339 3218 judium
361 3131 552 3222 accipiunt,
584 3131 621 3204 δι
648 3131 688 3200 ad
714 3127 835 3200 cubilia
859 3126 913 3208 sua
940 3130 1108 3208 referunt,
1137 3155 1219 3206 rur.-

212 3221 405 3319 sumque&
426 3227 545 3319 saepius
573 3244 787 3305 remaneant,
809 3243 907 3319 atque
930 3227 1021 3297 idem
1044 3227 1220 3309 efficiunt,

212 3323 321 3394 donec
347 3327 388 3396 ad
417 3321 670 3416 frequentiora,
700 3319 801 3414 quim
828 3323 916 3398 adire
943 3326 1109 3407 audeant,
1140 3350 1219 3418 pro·

209 3415 453 3512 fugusraptor
484 3419 610 3492 evadat.
665 3418 760 3491 Ultra
791 3417 949 3511 Caspium
974 3418 1081 3492 finum
1117 3421 1221 3515 quid-

213 3539 298 3593 naru,
316 3513 416 3600 esser,
440 3513 640 3610 ambiguum
655 3515 844 3606 aliquandiu
859 3514 943 3588 fuit:
969 3516 1103 3589 idemne
1122 3541 1222 3590 ocea-

213 3612 308 3689 nus',
338 3636 379 3684 an
417 3611 514 3682 tellus
545 3610 660 3682 infesta
698 3609 881 3704 frigoribus
907 3610 974 3683 linc
998 3615 1153 3697 ambitu,
1180 3639 1220 3686 ar

211 3707 280 3779 line
304 3707 371 3778 fine
404 3707 560 3800 projesia.
607 3709 674 3779 Sed
702 3728 822 3800 praeter
852 3707 1041 3804 Physrcos,
1075 3708 1220 3792 Home·-

211 3828 354 3896 rurnque
387 3803 444 3897 qui
484 3802 675 3877 universum
709 3802 827 3875 orbem
863 3807 946 3876 mari
983 3804 1221 3878 circumfusum

210 3899 481 3995 eliewdixerunt,
510 3901 689 3974 Cornelius
723 3901 865 3992 Nepos,
895 3919 933 3974 ut
962 3903 1128 3977 recentior
1153 3926 1221 3974 au-

210 3997 384 4081 sioritare,
410 3994 453 4069 lic
482 3997 602 4072 certior
630 3995 747 4070 tradit:
773 3995 888 4072 testem
916 4016 1029 4071 autem
1061 3997 1110 4076 rei
1148 3997 1227 4082 Qu.¹

712 4094 785 4169 On
812 4115 843 4193 q
1147 4089 1248 4157 bbe-
