2859 4709
249 436 319 527 mh
594 385 906 507 {contar

248 552 420 628 Hesiodus
443 554 510 648 ipse
545 556 578 626 in
605 558 776 653 Georgicis
802 584 869 632 nott
898 555 1016 650 procul
1042 580 1063 628 a
1089 553 1157 628 fine
1182 563 1250 628 med

248 654 345 723 minit
369 652 467 746 hujus
493 656 705 731 certaminis,
735 655 789 727 sed
821 657 1017 728 Homerum
1047 679 1117 723 non
1145 654 1251 727 nomi·

249 770 326 830 nat,
352 752 422 821 imo
456 752 553 821 etiam
589 776 632 822 ex
664 750 741 843 ipfis
777 752 976 824 carminibus
1015 746 1115 820 e'licio
1149 751 1250 821 multis

249 847 341 918 annis
377 845 448 938 post
482 849 679 920 Homerum
706 847 828 931 fuiffe,
863 848 1025 939 liquidem
1063 846 1250 919 Homerum

251 944 337 1110 {irco
365 962 516 1037 tempora
543 946 691 1040 Trojana
718 943 861 1020 floruisse
884 947 986 1020 aiunt.
1030 944 1190 1017 Carmina
1214 942 1250 1015 fic

277 1041 386 1112 abent.

182 1134 184 1140 ’
297 1141 378 1212 Νοη
401 1161 506 1213 tomen
527 1139 592 1235 ipse
608 1139 758 1234 rei,quae
771 1138 913 1233 pertinet
936 1134 983 1211 od
1000 1161 1112 1219 more,
1128 1134 1254 1218 dollus,

297 1238 388 1327 Nom
406 1261 565 1329 nunquam
582 1235 733 1323 rocosum
740 1234 889 1331 spacioso
903 1252 966 1329 per
981 1258 1115 1330 aequoro
1132 1231 1253 1311 vellus,

298 1335 423 1406 Praeter
449 1358 542 1428 quom
566 1332 711 1405 Euboam
737 1333 779 1406 od
799 1334 939 1407 vicinum
964 1356 1006 1403 ert
1032 1330 1184 1411 Aulide,
1208 1328 1253 1401 nli

346 1431 423 1499 olim
1293 1474 1295 1487 ‚

297 1525 425 1621 Argivi
452 1551 473 1596 a
501 1528 636 1599 duribus
657 1528 772 1624 populi
793 1525 935 1600 collellio
955 1526 1053 1620 salla
1076 1520 1151 1619 ψ,
1290 1490 1295 1623 l

296 1623 385 1694 Dum
399 1622 523 1709 sevum
545 1649 632 1695 more
652 1626 697 1696 ihi
720 1625 821 1697 tenuit
844 1622 977 1697 Troiam
1000 1625 1050 1693 ire
1068 1623 1222 1693 volentes.
1289 1636 1295 1723 t

297 1721 384 1793 Illuc
410 1721 694 1813 Amphidamantis
723 1745 784 1816 ego
808 1718 852 1790 od
876 1724 1049 1793 certamino
1070 1720 1168 1797 veni,

296 1818 517 1912 Chalcidoque
542 1820 687 1891 introvit
712 1843 788 1892 nom
804 1819 945 1915 plurimo
964 1817 1089 1917 premio
1114 1813 1193 1888 cun·
1288 1878 1290 1887 .

298 1917 507 1989 Proclomota
532 1917 596 1984 viri
608 1911 772 2007 flotuire:
801 1938 836 1986 oc
861 1915 1002 1988 carmine
1028 1936 1179 1985 eunome
1294 1964 1295 2011 3

297 2012 465 2087 Villorem
490 2012 647 2105 tripodem
673 2012 814 2082 auritum
838 2010 975 2105 retuliffe
1000 2010 1167 2091 recordor:
1286 2032 1295 2077 -τ

297 2111 395 2181 Hune
419 2134 480 2204 ego
497 2107 652 2203 suspendi
677 2104 785 2198 Musis
808 2110 977 2184 Heliconis
1004 2112 1159 2180 honorem
1249 2177 1253 2185 ,
1288 2096 1295 2203 'p

296 2207 432 2298 hl'·389·
458 2208 614 2278 Auritum
640 2205 769 2299 tripodo
794 2204 922 2295 dixit,)
948 2210 982 2280 id
1009 2210 1057 2275 est
1083 2197 1250 2272 habentem
1292 2236 1295 2289 Ι

248 2301 363 2378 ansas,
390 2320 428 2374 ut
453 2325 570 2385 aures,
594 2304 719 2377 Graece
746 2298 792 2370 est
820 2324 954 2376 Acontea.
1001 2301 1104 2377 Hanc
1128 2316 1254 2369 conten·

248 2400 376 2468 tionem
411 2418 516 2471 narrat
538 2398 647 2470 ¹etiam
681 2397 877 2474 Plutarchus
909 2403 943 2470 in
977 2398 1126 2474 convivio
1141 2396 1253 2491 septem

238 2493 446 2589 sapientum:
475 2495 620 2590 dicitque
643 2492 737 2565 fuiss'e
762 2493 907 2586 judicem
934 2500 1095 2570 Panidem
1125 2492 1255 2564 Chalci·

250 2593 299 2662 dis
323 2616 461 2689 regem:
488 2593 578 2676 unde
605 2588 849 2684 proverbium,
885 2596 1023 2667 Ponidae
1046 2588 1257 2689 suffragium,

248 2689 285 2757 in
305 2691 377 2762 illos
397 2693 454 2786 qui
470 2690 593 2784 aliquid
618 2686 779 2765 inerudite
802 2691 957 2784 judicant.
998 2685 1091 2767 Vide
1109 2689 1258 2763 Gellium

249 2785 521 2884 Hqaemmn

299 2904 382 2973 391.
409 2891 558 2980 Moxque
576 2884 651 2958 dolo
673 2878 906 2977 exflinllttm.)
924 2881 1125 2969 Plutarchus
1142 2882 1179 2951 ire
1195 2898 1261 2948 con·

248 2980 362 3058 rivio,
386 3006 453 3052 non
476 2983 577 3075 longe
602 2980 620 3052 h
645 2979 729 3052 fine:
755 2979 909 3074 Milesius
936 2981 1092 3073 (inquit)
1116 2974 1262 3074 quidam,

248 3102 319 3149 cum
344 3102 406 3173 quo
432 3076 581 3165 hospitii,
606 3101 645 3148 oe
672 3079 837 3150 convillus
857 3079 929 3165 usus
956 3075 1099 3172 Hefiodo
1126 3079 1262 3171 interce·

245 3172 363 3264 dehoc,
385 3178 474 3272 apud
487 3177 610 3248 horror
634 3174 768 3269 hospitis
786 3172 871 3262 filice
887 3171 1079 3270 pudicitiam
1103 3175 1190 3245 elom
1210 3174 1262 3243 im·

223 3273 421 3351 'minuerer
472 3273 522 3342 Re
555 3291 718 3366 comperto
756 3271 914 3344 creditum
945 3268 989 3366 esi
1020 3266 1263 3363 Hefiodumrl

247 3368 343 3438 initio
374 3369 533 3457 conscium
557 3368 694 3465 flagitii
718 3365 844 3462 suiffe,
873 3370 907 3439 in
943 3391 1041 3464 eoque
1077 3369 1264 3440 occultando

248 3484 377 3558 operam
401 3463 550 3559 novasse.-
576 3491 673 3560 quum
698 3466 754 3536 ille
778 3466 909 3553 insons,
931 3469 1086 3559 nullaque
1117 3467 1214 3562 culpo
1235 3464 1265 3539 it

248 3562 332 3634 iram
361 3566 519 3636 hominum
546 3581 606 3657 per
641 3563 862 3642 columniam,
885 3560 925 3636 Θ*
944 3559 1087 3658 finslros
1114 3563 1264 3637 inridier

237 3658 459 3754 sospiciosus,
485 3661 709 3749 Nihilominus
734 3685 805 3732 eum
823 3658 941 3759 puelle
957 3658 1088 3751 srotres
1104 3660 1194 3758 apud
1207 3660 1266 3730 Lo·

240 3757 357 3844 'crense
382 3762 540 3838 Nemeum
563 3783 604 3829 ert
630 3758 752 3853 infidiis
780 3760 1043 3831 trucidaverunt.
1084 3759 1130 3829 Et
1158 3755 1264 3849 paullo

173 3902 179 3909 -
248 3853 342 3943 post:
373 3856 500 3951 Hesiodi
522 3877 628 3928 autent
647 3854 810 3933 cadaver,
836 3852 890 3926 uhi
911 3855 1054 3947 primurn
1074 3849 1097 3925 d
1121 3876 1212 3925 terro
1235 3852 1266 3927 in

247 3975 336 4022 more
358 3955 503 4033 excidit,
528 3953 690 4049 excipiens
717 3950 947 4049 delphinorum
969 3976 1059 4053 grtes
1085 3950 1130 4025 od
1148 3950 1265 4023 Rhion

245 4045 729 4173 (ruotpertorn.teporrort‘t·
944 4070 948 4076 '
1062 4064 1065 4073 '
1125 4066 1167 4241 γ’
1208 4062 1216 4073 ’

194 4162 196 4167 ’
570 4160 573 4167 ’
1162 4158 1264 4235 ⁴39²·
