2859 4709
382 384 455 460 Du
495 382 647 457 Anne
687 385 947 459 Porurcu
1071 407 1142 485 ηρ

457 572 894 656 Ecrnnnsrn

198 747 375 886 scribendi
389 748 465 811 redii
478 750 541 814 sons
558 751 598 813 est
611 752 668 830 ipsa
689 752 829 830 sapientiai
866 755 946 816 Nam
961 751 1017 815 line
1035 752 1145 828 sapien·

249 833 287 891 tia
309 834 342 892 &
369 831 493 906 perfedla
516 833 643 894 dotltina
667 831 766 894 frullra
787 835 823 894 ad
843 831 987 913 ingenium
1013 836 1044 894 δι
1064 852 1144 894 natu·

198 925 251 969 rem
270 911 427 992 confugies.
467 912 586 974 Materia
604 913 721 974 oratoris
748 915 781 974 ἀ
807 916 894 991 ροέιιι
921 914 934 990 (
944 930 973 974 ut
998 912 1143 992 diximus)

196 990 295 1051 condat
323 1009 361 1054 ex
390 993 494 1061 rebus,
520 995 553 1055 &
581 993 683 1054 verbis.
725 996 783 1055 Sed
810 993 859 1052 tibi
887 1012 979 1054 rerum
1008 996 1144 1069 praecipua

195 1086 256 1133 πη
279 1069 326 1141 fit,
350 1092 417 1132 nanr
436 1077 519 1134 rebus
538 1072 658 1134 inventis
670 1112 679 1140 ‚
692 1076 722 1132 &
744 1072 879 1149 perceptis
896 1071 980 1134 facile
1004 1072 1091 1132 verba
1109 1075 1142 1133 ὃ(

157 1198 165 1211 .
198 1151 305 1213 nomina
329 1169 503 1230 coaptantur.
542 1153 615 1213 Rem
636 1172 692 1212 non
713 1154 827 1213 aliunde
849 1174 933 1228 quam
957 1172 993 1212 ert
1013 1169 1159 1226 penetra··

148 1282 151 1299 ,
196 1226 262 1291 libus
282 1229 485 1311 philosophie,
505 1232 643 1310 praecipue
660 1233 791 1300 moralis,
812 1232 900 1310 qualis
917 1232 1058 1293 Socrttica
1073 1229 1142 1299 fuit,

148 1334 151 1409 ι
195 1311 293 1403 poteris
313 1311 457 1406 indagate.
500 1312 532 1373 Si
565 1325 641 1375 euim
666 1311 777 1392 ignores
804 1313 871 1388 quid
899 1312 992 1389 parriae
1015 1313 1142 1379 debeas,

148 1414 154 1493 t
194 1394 418 1532 littl‘li'f't
431 1393 542 1534 lirul*
562 1389 1141 1548 llll?·²i:¹;,::⁵‚⁰“&⁹²f:itl‘²z⁶d³

367 1514 378 1531 e
861 1509 871 1538 2
1128 1501 1142 1515 ·

193 1549 285 1614 ciunt,
305 1570 367 1628 que
394 1548 443 1609 lint
468 1567 558 1627 partes
583 1553 659 1612 ducis
687 1553 857 1611 adbellum
879 1549 966 1618 miffi,
993 1552 1141 1627 quomodo

148 1674 150 1681 ·
192 1627 302 1705 propri&
326 1632 429 1703 poteris
450 1630 599 1710 unicuique
622 1630 745 1706 personae
769 1650 866 1690 munus
885 1630 1055 1703 conveniens
1082 1629 1141 1689 effi·

148 1714 153 1749 :
190 1707 306 1787 gnare?
344 1710 433 1767 luben
452 1709 542 1788 itaque
569 1712 685 1772 dolium
711 1706 844 1784 podiam,
873 1727 902 1771 ut
924 1726 1063 1788 proponat
1089 1709 1139 1769 sibi

148 1810 152 1861 i
189 1788 227 1847 ed
254 1785 422 1847 imitandum
439 1787 498 1850 sitae
517 1809 601 1868 atque
627 1810 739 1851 morum
756 1789 916 1866 exemplar,
940 1791 1047 1851 namfi
1073 1788 1140 1848 dili-

189 1883 295 1960 genter
316 1881 438 1927 naturam
459 1867 610 1941 intuentis,
640 1871 688 1929 vix
716 1887 810 1932 errare
832 1869 943 1945 poteris.
984 1869 1140 1930 imovero

149 1954 154 2041 ἰ
190 1950 219 2009 td
242 1944 375 2014 affirmo,
401 1948 489 2030 nugis
506 1988 515 2017 ‚
533 1953 567 2013 &
596 1951 716 2012 validius
747 1948 950 2015 commoveri,
971 1948 1003 2007 &
1025 1947 1140 2008 excitari

191 2027 327 2103 populum
348 2026 447 2088 subulis
465 2029 542 2092 bene
562 2031 695 2096 moratis,
713 2029 771 2090 fine
791 2029 918 2102 pondere
940 2027 972 2087 ὅ(
993 2044 1052 2085 arte
1071 2046 1143 2087 con-

191 2104 275 2167 fluis:
298 2108 382 2184 quim
403 2108 529 2170 verfibus‘
544 2110 659 2177 inflatis,
674 2113 705 2171 ὃ(
727 2108 889 2170 sublimibus
911 2104 968 2166 line
988 2110 1088 2174 rebus,
1108 2106 1143 2167 dc

149 2218 151 2223 ·
193 2182 334 2249 sententia.
367 2189 482 2248 Grecos
506 2188 599 2265 itaque
628 2189 738 2275 semppr
761 2190 863 2250 censeo
891 2186 1071 2253 imitandos,
1095 2185 1144 2264 qui

194 2266 291 2327 nullius
316 2265 359 2328 rei
391 2267 468 2328 avari
500 2267 581 2339 sunt,
613 2287 797 2346 preterquam
817 2266 926 2335 liudis,
962 2267 994 2328 &
1037 2264 1138 2328 leniit?

194 2346 268 2406 Nam
288 2351 305 2408 i
325 2345 457 2405 Romanis
476 2348 545 2422 quid
562 2350 720 2426 speremus,
737 2347 784 2424 qui
804 2367 904 2422 pueros
924 2349 985 2407 suos
1026 2368 1042 2405 c
1061 2345 1141 2406 inlli-

192 2428 307 2490 tuendos
328 2443 447 2493 curant,
465 2445 494 2486 ιιι
513 2446 572 2490 arte
600 2427 765 2491 numerandi
787 2431 910 2489 evadant
928 2447 1012 2502 qnam
1037 2425 1141 2486 inllru·

193 2505 312 2574 (lumi,
333 2506 440 2564 discunt
457 2507 533 2566 enim
548 2507 648 2576 allent,
666 2529 724 2568 non
740 2525 846 2566 tantum
864 2508 892 2566 in
910 2504 1062 2566 duodecim
1081 2524 1143 2580 par·

192 2601 250 2652 tes,
271 2603 302 2648 ut
321 2583 408 2644 moris
429 2585 487 2654 ell,
511 2586 661 2654 difficere,
682 2590 730 2648 sed
751 2587 835 2647 etiarn
858 2587 887 2645 in
912 2600 1025 2644 centum
1055 2582 1142 2656 parti·

192 2667 265 2725 cules
285 2667 437 2727 deducere.
476 2668 579 2735 Dicat,
599 2667 678 2730 verbi
698 2669 786 2746 gratia
797 2704 806 2734 ,
828 2664 899 2725 filins
923 2661 1034 2722 Albini:
1053 2660 1083 2721 Si
1104 2661 1142 2723 de

192 2748 348 2821 quincunce
365 2743 473 2806 auferas
491 2747 623 2817 unciam,
641 2748 707 2823 quid
728 2745 874 2809 remanet?
887 2743 931 2804 eia
950 2742 1006 2803 cito
1024 2742 1141 2816 respon-

192 2828 247 2894 de,
269 2825 338 2901 quid
364 2826 501 2888 moraris?
527 2829 583 2903 jam
608 2825 731 2904 oportuit
761 2824 878 2891 dixisse,
909 2821 1010 2882 Triens
1030 2821 1141 2898 inquit:

193 2907 274 2984 Euge
294 2904 401 2965 lando:
424 2903 460 2965 lic
476 2905 553 2967 enim
573 2923 648 2969 tunm
669 2927 729 2965 rem
754 2902 854 2981 poteris
875 2901 1051 2963 conservare.
1083 2901 1142 2962 Re-

191 2986 230 3045 dit
247 2984 350 3050 uncia,
367 2981 500 3059 inquam,
520 2985 588 3062 quid
607 2984 674 3047 fiet?
695 2984 871 3062 Respondet:
893 2980 1013 3049 Sentis,
1027 2985 1072 3040 An
1090 2997 1140 3048 tu,
1225 2988 1227 2993 '

150 3058 152 3075 '
192 3086 276 3141 quum
298 3064 448 3125 heumalo
468 3085 581 3144 erugo,
600 3069 630 3127 δι
649 3086 715 3124 cura
738 3064 839 3139 peculii
857 3062 963 3124 animos
983 3060 1069 3124 semel
1088 3059 1141 3117 im·

192 3145 299 3210 buerit,
322 3141 439 3214 sperabis
459 3146 582 3205 carmina
600 3143 674 3223 polle
695 3143 788 3224 fingi,
806 3163 866 3224 quie
887 3140 1029 3222 cupresso,
1040 3141 1073 3201 &
1084 3157 1140 3205 cea

193 3223 274 3285 dtiuis
293 3221 395 3285 tabulis
414 3223 521 3287 includi
539 3222 720 3290 mereantur?

353 3385 981 3470 Annonnrrodrs

235 3558 295 3612 ilem
314 3555 361 3613 tibi
378 3556 543 3633 Socratica.)
582 3557 656 3618 Rem
677 3567 761 3618 vocat
780 3569 943 3635 argumenta
960 3547 1139 3630 previsor&

199 3627 331 3693 sententias
351 3635 368 3695 d
390 3636 565 3714 philosophia
585 3640 693 3711 petitas.
735 3637 833 3702 Nam,
853 3650 883 3695 ut
909 3634 1051 3698 diximus,
1071 3649 1137 3688 om·

200 3710 238 3768 nit
255 3714 367 3776 materia
392 3716 511 3777 oratoris
535 3716 565 3774 in
590 3737 650 3777 rem
677 3717 709 3777 &
742 3717 830 3775 verba
850 3714 940 3775 divisa
964 3711 1012 3772 eli.
1053 3710 1138 3770 Unde

199 3791 283 3949 ῧοιιι
303 3795 332 3854 in
358 3817 385 3855 ι.
405 3800 481 3856 Orat.
496 3795 582 3857 verta
602 3799 686 3876 igitur
703 3797 770 3855 milii
786 3794 894 3874 reliquit
908 3792 1064 3855 ’Διειιιιὶιιιι
1081 3806 1138 3849 rem

231 3894 242 3924 e
269 3894 315 3932 :sm
325 3890 355 3933 u.

233 3872 433 4033 {bumsversur
458 3955 545 4035 inopes
564 3952 690 4033 rerum.)
732 3952 826 4014 Cicer.
854 3957 930 4010 Orat.
964 3945 993 4004 Si
1017 3966 1059 4006 res
1083 3960 1138 4007 eost
1196 3954 1200 3962 '

196 4025 267 4117 stell
283 4034 318 4097 ol
336 4050 442 4103 oratur
460 4051 598 4116 percaepta,
627 4031 666 4107 d:
691 4035 817 4114 cognito,
834 4047 882 4105 uus
900 4023 977 4103 pulla
994 4025 1031 4110 fit
1051 4031 1135 4190 oro?

1041 4126 1100 4170 eece
1117 4125 1136 4175 e,
