2859 4709
481 400 860 479 neumata·
946 343 949 349 Ι
1055 422 1190 511 ·-337.

242 525 324 604 Non
341 534 441 628 quaeri
456 556 616 604 commune
630 537 762 612 bonum,
774 533 838 618 sua
851 524 1011 604 commoda
1031 537 1160 632 quisque

242 632 387 711 Metiri,
402 627 467 723 fior·
489 630 617 738 quisque
638 631 768 709 ualere,
785 626 826 701 (Υ
850 632 958 700 uivere
968 630 1059 716 sueti
1071 657 1082 702 c

243 727 287 793 Et
308 749 392 798 nunc
414 748 470 798 ceu
488 730 618 818 prorsus
641 728 823 797 morientem
841 725 969 819 vespere
981 726 1058 815 stro

187 814 221 886 io
243 823 355 912 Ignari
366 824 493 919 flevere
517 824 622 901 diem,
641 847 725 893 nune
747 824 818 897 iucc
840 843 953 892 renata

242 919 433 989 Gaudedant
457 941 513 990 ceu
528 918 599 1004 sale
625 921 710 997 aiio,
733 917 901 1008 variosque
926 921 1072 1008 recursus

240 1008 432 1103 Astraeum,
454 1019 579 1085 variam
601 1015 766 1089 Phoebem,
781 1010 955 1104 studiusiric
978 1018 1012 1086 in
1036 1017 1152 1106 umbra

240 1108 382 1187 Naidis,
401 1111 442 1186 dt
461 1112 602 1180 alternat
625 1113 659 1181 in
671 1112 710 1197 se
731 1110 935 1180 redeuntibus
957 1113 1050 1184 annis

243 1206 392 1277 Attoniti
402 1204 557 1302 stupuere
574 1208 685 1282 vices,
707 1202 846 1298 infignia
870 1207 1000 1301 longum

187 1295 214 1388 ῖς
243 1303 434 1392 speciatam
459 1304 547 1380 coli,
574 1304 767 1396 pulchroque
793 1295 814 1368 d
837 1301 954 1373 iumine
973 1305 1087 1376 mundi

241 1397 425 1469 Pendehant
452 1398 619 1486 causarum
640 1401 770 1494 inopes,
796 1399 932 1469 rationis
952 1422 1100 1496 egentes:

236 1492 349 1564 Donec
370 1495 410 1564 ab
433 1498 564 1565 <etherio
582 1499 711 1589 genitor
733 1493 888 1588 pertaesus
910 1497 1051 1592 Olympo

237 1590 393 1660 Socordes
411 1595 553 1667 animat,
576 1593 673 1685 longo
693 1590 866 1659 marcentia
877 1590 992 1676 somno

244 1686 401 1766 Pectora,
419 1710 448 1757 te
472 1683 587 1778 nostrae
612 1689 727 1758 diuina
751 1687 886 1759 Poe'tica
908 1686 1005 1758 menti

187 1789 228 1850 'Q
239 1783 422 1876 Aurigam,
444 1774 663 1880 dominamque
687 1784 798 1860 dedit,
825 1783 1011 1877 tusieiiere
1034 1782 1166 1860 habenis

239 1877 333 1947 Colla
354 1880 586 1960 reluiiantum,
609 1903 645 1950 tu
669 1881 765 1949 lentis
787 1881 907 1949 addere
927 1881 1055 1960 calcar,

235 1971 289 2042 Tu
303 1972 448 2062 sormam
471 1979 589 2054 rudes,
611 1978 648 2046 'tu
668 1977 777 2068 prima
800 1976 974 2047 extundere
995 1981 1080 2050 duro

234 2069 423 2164 Abstrusom
444 2073 535 2143 cordi
550 2073 746 2158 scintillam,
766 2074 869 2165 prima
885 2070 1002 2161 fovete

235 2168 325 2251 Auso
349 2171 545 2240 Prometheae
570 2165 699 2262 ecclesiia
714 2167 840 2254 semina
850 2167 1008 2259 flammat.

191 2269 208 2344 5
236 2265 325 2333 Num
342 2264 438 2356 senui
459 2290 496 2335 nc
519 2267 654 2361 pulchro
676 2267 873 2334 moderatrix
893 2268 988 2337 unica
1011 2287 1118 2340 retum
1141 2333 1147 2341 ,

234 2357 372 2452 Srmffuita
398 2363 664 2454 eloquio-dulcem
677 2361 837 2452 sapientia
857 2383 984 2433 cantum

232 2455 393 2540 Protulit,
414 2459 454 2533 (7
470 2456 604 2553 refugas
626 2456 749 2527 tantiam
760 2458 860 2541 sonus
879 2459 991 2554 attigit
1011 2477 1118 2532 auree.=

235 2552 433 2624 Concurrere
449 2552 557 2643 serum
581 2554 719 2646 vulgus,
737 2552 938 2646 numerosque
961 2557 1130 2650 modosque

233 2648 353 2730 Vocis,
374 2648 415 2722 (J
436 2674 572 2722 arcanas
596 2652 703 2720 mirati
729 2650 762 2718 in
786 2649 925 2719 carmine
947 2650 1034 2744 leges

187 2758 209 2810 ο
235 2743 331 2836 Dens
355 2748 511 2828 humeris,
536 2747 651 2816 arrecti
678 2747 791 2816 animis
812 2747 942 2815 immota
963 2749 1114 2820 tenebant

233 2842 307 2912 Ora
330 2847 535 2925 cateruatim,
563 2848 662 2914 donec
689 2845 853 2918 didicere,
874 2845 951 2934 quid
973 2844 1047 2928 usuc

230 2937 395 3034 Discrepet
417 2933 436 3008 d
459 2941 567 3022 tedio,
588 2942 642 3032 qni
657 2936 756 3026 sons,
780 2959 836 3007 aut
862 2939 949 3008 limes
972 2939 1092 3035 honesti

229 3031 339 3122 Quive
354 3035 419 3126 side
441 3037 569 3117 cuitus,
592 3037 667 3128 quid
682 3038 740 3127 sus
763 3034 934 3126 aequaitt'ie,
956 3038 1035 3129 quid
1053 3052 1144 3119 tnos‘,

232 3131 329 3223 Quid
347 3133 457 3228 poscat
481 3136 586 3214 decor,
606 3132 647 3206 (ἲ
667 3133 771 3208 ratio,
787 3154 857 3223 quae
878 3136 1036 3203 commoda
1056 3138 1138 3206 uitat·
1247 3147 1249 3150 ’

187 3239 203 3317 5
233 3231 410 3299 (onciiiem
428 3229 513 3300 inter
527 3230 566 3313 se
589 3229 749 3308 homines,
768 3250 837 3318 quae
851 3224 976 3314 fodero
998 3230 1114 3312 rebus,

227 3323 398 3414 Quantum
421 3325 616 3410 inconsultas
638 3326 724 3394 uitro
735 3324 869 3410 soieetia
889 3329 975 3397 uires
1069 3346 1075 3355 ·

230 3425 394 3501 Hminem,
416 3447 487 3516 quae
505 3425 578 3492 dein
596 3421 700 3512 pietat
717 3417 898 3513 praestanda
916 3422 1061 3515 parenti,

228 3527 303 3591 Aut
324 3522 466 3612 patriae,
493 3540 644 3611 quantum
664 3517 771 3609 juniii
786 3514 848 3609 fior·
860 3512 1033 3610 sanguinis
1056 3510 1136 3590 ordo

227 3617 408 3698 Vindicet,
427 3619 584 3686 alternum
608 3636 678 3706 qua
697 3613 810 3706 copula
826 3611 937 3698 servet
959 3635 1109 3683 amorem.

187 3731 207 3786 3
229 3713 331 3805 Quod
338 3734 438 3810 ‘gerat
456 3714 643 3806 imperium,
654 3705 808 3795 statiura
829 3708 998 3802 Cupidinis
1015 3731 1136 3792 mous,

227 3817 338 3904 Atque
361 3813 429 3881 iras
453 3809 611 3882 domitura
631 3826 755 3887 truces,
783 3805 834 3874 uic
855 3803 991 3898 prouida
1016 3805 1110 3888 ueri,

232 3909 297 3982 Vis
321 3909 456 3989 animae,
481 3903 563 3990 celsa
585 3928 657 4000 quae
670 3897 720 3994 fic
734 3902 920 3998 speculatur
944 3900 983 3970 ad
1004 3924 1100 3996 arce,

230 4007 276 4077 Ut
299 4005 352 4076 uel
371 4006 405 4073 in
426 3999 573 4095 asirigeri
587 4001 688 4087 semet
708 3998 893 4094 praecordia
911 3996 1039 4070 mundi'
1182 4042 1187 4065 .

202 4097 395 4177 destinuit
408 4101 513 4193 Oqet.
539 4095 690 4188 Tomtli.
720 4127 723 4132 ·
875 4089 907 4164 Y
1078 4085 1165 4188 insi-g
