2859 4709
250 431 330 496 210¹
435 396 1035 493 ,PquvtouNtsou'
1164 372 1253 416 ·”

252 547 361 634 Inque
384 552 443 610 tuo
465 536 608 609 thalamo
634 538 793 636 juguleris
814 561 910 611 more
933 533 1083 614 Pherai,¹

300 639 371 729 Qui
397 638 491 706 datus
517 635 562 706 est
585 636 651 704 leto
676 636 830 732 conjugis
850 631 924 704 ense
952 630 1025 703 suae.

253 733 415 828 Quosque
441 749 533 821 putas
555 729 642 802 fidos
665 751 701 805 ut
729 731 897 805 Larillaeus
919 728 1050 813 alebas,
1073 788 1075 794 ,

301 833 454 905 Vulnere
477 851 545 896 non
572 827 657 898 lidos
684 830 854 921 experiare
878 845 948 896 tuo.

251 928 364 1009 thue
389 923 498 1004 Milo,
526 923 585 995 sub
611 948 678 1016 quo
705 928 845 998 cruciata
869 919 915 995 est
936 917 1007 991 Pisa
1028 933 1196 1025 tyranno,

302 1025 413 1096 Vivus
436 1020 471 1090 in
500 1021 642 1093 occultas
668 1021 878 1114 praecipiteris
903 1040 1012 1110 aquas.

252 1122 411 1296 ququhe
436 1117 470 1188 in
497 1117 712 1190 Adimantum
739 1115 874 1190 Philesta
897 1137 998 1279 reqna
1024 1128 1194 1282 tpnetnteru

384 1236 448 1286 ove
474 1234 661 1299 venerunt,
689 1233 722 1284 te
770 1241 816 1288 uo
840 1237 882 1286 ue
907 1231 970 1283 tea
992 1232 1115 1300 pean.

253 1313 324 1384 Aut
350 1329 388 1382 ut
416 1310 603 1383 Amastricis
630 1240 797 1405 qnondiin
818 1241 962 1396 (ienaeus
984 1305 1025 1379 ab
1053 1308 1121 1382 oris

300 1409 425 1478 Nudus
442 1406 593 1478 Achillea
616 1407 793 1495 destituaris
815 1405 932 1479 humo.

251 1505 364 1596 thue
388 1505 441 1572 vel
463 1505 666 1598 Eurydamas
691 1524 740 1576 rer
765 1505 891 1575 circum
917 1501 1010 1576 bulla
1034 1497 1208 1598 Thrasylli

300 1599 355 1669 Est
384 1599 541 1671 Larillaeis
564 1620 674 1690 raptus
699 1599 741 1673 ab
765 1599 856 1673 holle
881 1599 971 1671 rotis.

252 1698 323 1772 Vel
350 1700 428 1791 qui,
453 1721 527 1788 quaa
553 1694 659 1770 fuerat
682 1715 804 1772 tutatus
822 1695 946 1769 moenia
972 1696 1078 1788 saepe,

301 1794 455 1885 Corpore
480 1791 622 1864 lullravit
646 1819 712 1867 non
736 1793 888 1867 diuturna
911 1788 980 1865 suo.

253 1891 364 1979 thue
392 1913 518 1979 novum
546 1887 627 1980 passa
650 1889 696 1961 est
717 1913 822 1985 genus
840 1883 1091 1982 'Hippomeneia
1115 1909 1250 1980 poettae,

301 1988 447 2059 Traslus
473 1987 508 2062 δι
535 1988 646 2057 Asiana
670 1987 775 2057 fertur
800 1987 924 2058 adulter
948 1986 1077 2056 humo:

250 2083 387 2157 Sicubi
412 2085 479 2155 vita
504 2101 579 2155 tuos
606 2081 711 2155 invisa
730 2082 895 2178 reliquerit
916 2099 1027 2160 artus,
1143 2178 1145 2182 Ι
1175 2087 1180 2097 ’

298 2182 432 2252 Ultores
455 2180 579 2270 rapiant
603 2197 699 2270 turpe
725 2183 861 2253 cadaver
886 2180 975 2271 equi.
1048 2223 1051 2233 ·
1194 2184 1196 2188 '

250 2276 389 2353 Viscera
417 2272 460 2344 fic
484 2274 598 2367 aliquis
622 2273 763 2367 scopulis
786 2295 841 2347 tua
863 2275 969 2372 figat,
991 2292 1030 2348 ut
1051 2273 1131 2348 olim

299 2371 380 2442 Fixa
404 2368 462 2440 snb
482 2371 636 2442 Euboico
661 2372 765 2448 Graia
788 2371 883 2446 suere
907 2370 995 2445 sinu:
1116 2409 1119 2419 ·

250 2472 363 2561 thue
385 2465 484 2538 ferox
504 2467 620 2559 periit,
642 2467 678 2542 δι
699 2470 858 2550 fulmine,
878 2467 1066 2560 &aequore
1088 2481 1220 2563 raptor,

299 2565 352 2635 Sic
379 2584 412 2634 re
439 2562 597 2636 mersuras
622 2566 754 2653 adjuvet
778 2565 863 2660 ignis
891 2588 998 2658 aquas.

250 2666 352 2737 Mens
374 2684 509 2756 quoque
533 2657 575 2731 stc
600 2660 691 2732 furiis
716 2663 834 2734 vecors
859 2662 1019 2755 agitetur,
1041 2677 1079 2734 ut
1104 2658 1171 2743 illi,

219 2766 221 2769 ’
299 2761 415 2831 Unum
438 2758 496 2849 qui
518 2774 589 2830 toto
612 2780 751 2849 corpore
775 2760 892 2831 uulnus
915 2756 1023 2830 habet.

253 2856 366 2945 thue
390 2855 603 2948 Dryantiadae
627 2849 826 2946 Rhodopeia
849 2879 951 2949 regna
973 2855 1119 2950 tenenti,
1146 2896 1151 2901 ·

300 2953 343 3020 In
367 2951 504 3043 gemino
532 2949 635 3043 dispar
657 2951 709 3024 cui
732 2955 816 3043 pede
840 2951 946 3023 cultus
965 2972 1051 3023 erat:
1102 2998 1104 3005 ·

252 3048 297 3118 Ut
324 3048 387 3119 fuit
405 3048 517 3117 Oeten
540 3049 727 3138 quondam,
751 3071 942 3142 generoque
964 3051 1165 3132 draconum,

301 3141 571 3238 Thysamenique
593 3146 694 3237 patri,
721 3143 740 3183 *
766 3141 1011 3236 Callirhoesque
1037 3147 1120 3218 viro.

253 3241 332 3311 Nec
355 3238 414 3310 tibi
441 3242 607 3325 contingat
632 3260 781 3313 matrona
806 3241 959 3332 pudicior
984 3241 1060 3322 illa,

303 3339 383 3428 Qua
405 3337 513 3428 potuit
538 3337 680 3432 Tydeus
708 3335 869 3409 erubuisse
895 3361 991 3409 nuru.

251 3435 407 3526 Quaeque
428 3432 475 3503 sui
501 3433 671 3506 Venerem
696 3432 800 3519 iunxit
824 3458 900 3504 cum
923 3433 1021 3508 fratre
1042 3434 1172 3517 mariti,

301 3530 416 3602 Locris
439 3533 473 3600 in
496 3529 618 3602 ancillae
642 3527 832 3603 dillimulata
856 3554 982 3608 necem.

249 3626 339 3697 Tam
364 3651 499 3721 quoque
524 3628 568 3697 dii
594 3626 712 3698 faciant
738 3627 837 3719 pollis
858 3631 1003 3722 gaudere
1025 3627 1119 3700 fideli

299 3723 479 3820 Coniuge,
504 3747 602 3819 quam
626 3724 744 3806 Talai,
766 3723 1003 3819 Tyndareique
1024 3745 1140 3822 gener.

197 3817 200 3825 ’
250 3819 405 3913 Quaque
428 3845 538 3913 parare
562 3818 624 3894 suis
650 3823 754 3893 letum
777 3820 979 3914 patruelibus
1003 3820 1110 3908 ausu,

299 3914 429 3992 Belides
450 3918 570 3995 affidua
591 3917 675 3997 colla
697 3935 892 4019 premuntur
911 3945 1004 4020 aqua.
1135 4014 1226 4095 Bw

552 4069 559 4074 .
1095 4050 1098 4055 '
1130 4044 1132 4051 '
1163 4044 1175 4090 1
1224 4052 1244 4080 a
