2859 4709
302 401 314 511 ⁸.
338 465 395 527 tta
417 470 527 527 stru
553 455 715 527 Orata.
755 447 911 525 lium.
933 445 1026 549 ega·
1124 428 1199 561 iii

205 570 359 648 ctariffimi
394 579 465 651 sunt
491 576 617 652 Ausci:
645 580 820 654 Celtarum
847 576 990 659 Heduize
1020 574 1202 670 Belgarum

205 663 365 749 Treveri:
393 674 554 767 urbesque
583 678 857 770 opulentissimae,
883 677 915 744 in
944 675 1104 745 Treveris
1127 675 1201 743 Au-

206 767 309 861 gusta:
334 775 367 842 in
387 774 539 855 Heduis,
565 771 869 868 Augustudunum:
897 774 929 841 in
955 766 1092 850 Auscis,
1116 768 1199 838 Elu-

206 865 343 939 sabetris.
367 873 555 963 ,Garumna
580 893 622 940 ex
646 873 804 965 Pyrenaeo
826 890 940 940 monte
958 863 1124 956 delapsus,
1142 861 1203 934 nisi

207 985 276 1037 :um
294 963 443 1062 hyberno
462 966 568 1036 imbre
587 985 641 1038 aut
667 966 779 1036 solutis
796 963 928 1037 nivibus
948 961 1124 1039 intumuit,
1141 963 1202 1034 ditt

207 1057 368 1142 vadosus,
394 1063 431 1136 dt
457 1064 525 1133 vix·
543 1062 736 1158 navigabilis
760 1060 874 1133 fertur.
919 1065 966 1134 At
994 1059 1053 1130 ubi
1082 1057 1203 1128 obvius

208 1154 315 1227 oceani
332 1159 532 1232 exestuantis
552 1160 731 1251 a'cceffibus
751 1161 906 1230 adauctus
928 1156 995 1239 est,
1018 1154 1202 1246 iisdemque

208 1270 289 1323 retro
315 1256 538 1327 remeantibus
564 1256 635 1328 suas
654 1252 804 1349 illiusque
826 1278 924 1348 aquas
944 1254 1034 1349 agit,
1057 1251 1203 1343 aliquan·

209 1368 274 1418 tum
300 1353 459 1442 plenior,
491 1350 529 1424 ἅ
554 1372 675 1444 quanto
704 1354 809 1444 magis
834 1353 1012 1442 procedit,
1037 1345 1083 1420 ed
1108 1347 1205 1418 satior·

209 1442 260 1527 tit,
291 1451 331 1517 ad
363 1447 567 1538 postremum
590 1448 701 1543 magni
723 1446 798 1518 freti
829 1449 962 1527 similis,
985 1472 1047 1517 nec
1064 1441 1204 1535 majora

210 1563 330 1614 tantum
361 1542 491 1637 navigia
519 1544 667 1626 tolerat,
693 1567 812 1615 verum
839 1545 939 1615 ctiam
965 1567 1061 1613 more
1090 1539 1204 1633 pelagi

210 1633 363 1710 btvientis
389 1649 575 1736 exurgens,
603 1641 699 1735 jasiat
723 1642 932 1735 navigantes,
957 1639 1111 1710 atrociter
1130 1637 1203 1709 uti*

210 1756 292 1833 que,
317 1732 339 1804 si
366 1737 430 1809 alio
454 1757 589 1816 ventur,
611 1738 675 1811 alio
696 1739 785 1809 unda
802 1737 993 1828 praecipitat.
1026 1735 1068 1804 In
1090 1730 1204 1803 eopest

210 1830 442 1908 insula‘Anttns
465 1832 625 1910 nomine,
646 1858 746 1926 quam
764 1836 909 1924 pendere
929 1831 966 1905 ὅ(
988 1830 1092 1903 attolli
1111 1828 1206 1921 aquis

210 1923 454 2004 increscentibus
479 1931 556 2000 ideo
581 1933 697 2001 incolae
721 1930 923 2007 existimant,
947 1929 1023 2020 quia
1048 1949 1126 1998 cum
1151 1923 1204 1997 vi·

210 2023 342 2096 deantur
364 2026 511 2098 editiora.
529 2028 600 2120 quis
624 2026 777 2120 objacet,
800 2027 859 2098 ubi
883 2023 915 2096 se
937 2026 1056 2096 flubius
1079 2020 1204 2112 imple·

210 2120 277 2198 rit,
304 2123 357 2194 ilia
387 2123 518 2215 operit,
544 2124 615 2195 hacc
640 2141 677 2198 ut
701 2122 792 2216 prius
817 2141 943 2196 tanturn
969 2120 1140 2201 ambitur,
1167 2117 1205 2192 &

210 2220 297 2309 pund
323 2244 360 2290 ea
388 2219 507 2314 quibus
534 2240 607 2291 ante
630 2223 710 2312 ripae
735 2219 899 2314 collesque
923 2243 965 2289 ne
994 2231 1206 2288 cernerentur

210 2313 424 2398 obstiterant,
450 2336 529 2388 tunc
554 2317 645 2388 velut
669 2341 712 2389 ets
735 2318 811 2387 loco
841 2317 1009 2409 superiore
1035 2310 1205 2406 perspicua

211 2404 284 2482 sum.
326 2414 359 2484 A
382 2417 564 2489 Garumnae
586 2415 676 2486 exitu
697 2413 778 2484 latus
792 2414 871 2485 illud
888 2413 1001 2503 incipit
1016 2429 1110 2481 terre
1125 2433 1204 2500 pro·

211 2510 366 2580 currentis
391 2511 421 2578 in
445 2510 601 2603 pelagus,
627 2509 664 2581 ὅ(
688 2520 747 2580 ora
774 2509 978 2582 Cantabricis
996 2503 1127 2580 adversa
1144 2505 1204 2575 iit·

210 2605 353 2682 toribus,
379 2607 447 2678 asiis
476 2605 607 2697 aliisque
634 2606 767 2698 populis
791 2609 898 2676 media
924 2606 995 2698 ejus
1023 2602 1206 2673 habitanti-

210 2697 292 2780 bus,
315 2702 357 2770 ab
380 2703 577 2773 Santonibus
605 2706 646 2778 ad
667 2699 828 2776 Osismios
842 2702 944 2793 usque
967 2698 1107 2770 deflexa.
1146 2698 1207 2770 Ab

210 2796 267 2869 illis
290 2798 378 2868 enim
407 2799 527 2871 iterum
549 2801 589 2868 ad
606 2792 842 2891 septentriones
864 2800 956 2869 frons
977 2797 1124 2867 iittotttm
1150 2819 1207 2865 te-

210 2892 322 2985 spicit,
346 2898 574 2988 pertinentque
598 2899 638 2966 ad
663 2897 799 2968 ultimos
821 2896 1026 2970 Gallicarum
1052 2892 1210 2988 gentium

209 2992 392 3076 Morinos,
420 3016 480 3063 nec
518 3012 638 3084 portu,
671 3016 772 3082 quem
812 2989 1032 3068 Gesoriacum
1058 3005 1205 3069 vocant,

209 3087 382 3180 quicquam
408 3087 527 3161 habent
549 3088 675 3173 notius.
717 3089 857 3161 Rhenus
877 3087 918 3159 ab
943 3086 1087 3179 Aspibus
1116 3085 1206 3155 deci-

208 3185 306 3263 dens,
330 3183 433 3276 prope
451 3183 469 3256 it
485 3189 590 3276 capite
613 3186 696 3254 duos
718 3187 804 3256 lacus
827 3183 951 3270 efficit,
974 3185 1146 3255 Venerum
1167 3179 1206 3254 &

208 3283 428 3354 Actoniunr.
447 3286 537 3357 Mox
554 3284 610 3351 diu
636 3278 756 3354 solidus
768 3279 829 3359 ‚dt
847 3302 938 3352 certo
964 3282 1059 3352 alveo
1081 3276 1208 3369 lapsus,

208 3376 295 3455 baud
320 3379 478 3468 prorui-it
499 3380 582 3449 mari
603 3376 669 3448 huc
693 3377 731 3449 ὅτ.
749 3380 828 3449 iiiuc
851 3376 1065 3470 dispergitur,
1088 3374 1142 3445 sed
1163 3377 1207 3444 ad

207 3472 362 3547 sinisiram
387 3476 490 3549 amnis
513 3475 703 3549 etiamtum
724 3472 767 3549 ὅ(Υ
783 3479 889 3546 donec
912 3473 1022 3544 effluat
1044 3471 1207 3547 Rhenus,

207 3576 249 3644 ad
271 3573 570 3666 dexterampcimo
591 3569 747 3664 angustus
767 3571 804 3645 dt
821 3571 867 3643 sui
883 3567 1010 3664 similis:
1032 3567 1104 3659 posi
1125 3564 1209 3660 ripis

208 3668 311 3764 iungi:
331 3694 368 3741 ac
391 3672 453 3744 late
471 3667 703 3740 recedentibus
711 3683 736 3748 ,‘
750 3666 828 3762 jam
841 3691 908 3737 non
931 3666 1062 3747 amnis,
1076 3662 1132 3734 sed
1154 3667 1206 3735 in·

208 3792 292 3864 gens
319 3768 432 3847 lacus,
464 3765 524 3837 ubi
549 3787 685 3854 campos
717 3764 890 3858 implevit,
921 3762 1025 3835 Flevo
1061 3761 1210 3843 dicitur,

208 3864 424 3956 ejusdemque
448 3859 590 3936 nominis
614 3857 761 3935 insulam.
782 3862 986 3953 ampiexus,
1018 3856 1056 3928 sit
1087 3858 1210 3931 iterum

207 3963 355 4044 ordior,
376 3961 562 4056 iterumque
585 3954 706 4033 fluvius
727 3959 897 4032 emittitur.

211 4098 218 4133 ⁵
599 4116 807 4239 ''00'2
864 4112 876 4128 κ
972 4136 977 4145 ’
1032 4103 1255 4218 (ΒΨ
