2859 4709
439 445 957 523 Ptntnoxoul.
1061 435 1065 442 ’
1158 472 1205 530 n

197 583 322 663 magno
346 563 449 641 solent
467 570 646 666 usurpare,
663 575 754 646 unde
775 573 958 658 arsamum.
976 572 999 642 i.
1018 593 1203 666 magnum:

198 662 378 739 &morbus
390 665 498 754 sacer.
523 669 545 739 i.
572 693 713 763 magnus
736 673 789 743 vet
815 669 1001 743 comitialis.
1038 669 1091 740 lta
1118 669 1203 741 Piu-

196 759 327 836 carthus
352 760 570 861 &industria
588 767 786 839 animalium.
826 767 926 840 Unde
951 766 1061 858 Adtg.
1071 762 1201 852 sacram

200 880 348 929 ancoram
357 861 513 949 solvere,
538 861 560 932 i.
584 886 752 957 magnam.
1072 932 1075 939 .

242 954 422 1036 ditem-in
442 957 589 1052 auguriis
610 958 763 1031 dicebant
761 984 847 1072 (pro
871 982 938 1030 non
959 954 1074 1042 bono,
1097 975 1134 1031 ut
1156 960 1201 1034 ait

196 1048 313 1123 Festus
338 1053 375 1122 in
401 1054 546 1126 diciione
571 1058 688 1127 Altera
716 1082 801 1129 avrs.
844 1057 887 1127 Et
911 1055 945 1137 'm
971 1053 1084 1129 senatu
1109 1056 1202 1127 dice·

198 1142 253 1217 bat
274 1147 413 1224 consul:
438 1149 511 1244 Qui
531 1151 755 1241 infensius,
783 1155 846 1224 buc
871 1147 1020 1245 transtu:
1051 1152 1108 1248 qui
1132 1154 1200 1224 alia

193 1243 325 1329 nuntia,
353 1245 444 1321 itur.
469 1251 492 1318 i.
517 1247 574 1343 qui
598 1251 757 1344 negatis,
786 1249 839 1322 vel
865 1246 1045 1321 ditientitis.
1087 1249 1200 1322 Cicer.

198 1338 271 1414 tit.
286 1361 319 1414 1.
345 1341 431 1440 episi.
471 1346 529 1418 De
553 1343 656 1418 tribus
681 1343 827 1439 legatis,
855 1344 1045 1439 frequentes
1069 1345 1138 1417 iere
1165 1346 1200 1415 in

195 1436 258 1508 alia
280 1441 406 1515 omnia.
424 1441 447 1511 i.
476 1438 839 1518 diffensere.&lib.10.
882 1443 971 1514 Eum
996 1437 1124 1515 senatus
1147 1466 1202 1515 re·

194 1531 323 1627 liquit,
347 1537 383 1612 δι
410 1537 445 1608 in
475 1539 535 1610 alia
559 1540 672 1612 omnia
696 1539 848 1613 disceffit.
885 1537 977 1614 Vide
1001 1539 1139 1613 suitam
1167 1538 1202 1610 in

196 1654 292 1704 soce
315 1633 521 1709 Eumenides:
545 1631 731 1715 &Callian

378 1827 437 1914 De
471 1830 662 1955 Analogia
696 1828 1032 1948 significationum.

247 2011 318 2094 His
341 2022 466 2119 tegulis
487 2023 677 2118 praemiffia‚
701 2027 743 2098 ad
771 2021 958 2119 analogiam
986 2019 1202 2117 fignificatin·

198 2141 281 2190 num
308 2121 517 2195 transeamus.
667 2207 669 2211 ¹
1026 2160 1028 2163 ·

244 2216 309 2288 Ius
332 2214 413 2310 iuria
435 2214 571 2312 propri'e
596 2215 756 2313 fignificat
782 2218 948 2297 diarium,
974 2217 1042 2291 stre
1066 2216 1202 2311 portio·

199 2334 275 2381 nem
298 2313 418 2386 victus.
442 2312 582 2410 Antiqui
605 2317 693 2388 enim
719 2314 784 2406 (ut
800 2318 906 2409 inquit
920 2316 1036 2391 Valer.
1058 2316 1202 2389 Maxim.

200 2408 312 2501 liba.)
337 2407 423 2482 adei>
444 2429 534 2484 erant
550 2415 759 2495 continentiae
778 2415 911 2488 attenti,
935 2431 972 2483 ut
994 2411 1199 2506 frequentior

201 2509 285 2598 apud
307 2530 368 2578 eos
386 2506 485 2597 pultis
508 2507 604 2583 usus,
620 2507 720 2602 quim
741 2512 831 2601 panis
851 2505 941 2578 effer.
978 2509 1061 2578 Ptin.
1085 2509 1202 2582 Iib.18.

200 2625 266 2701 cap.
286 2605 323 2679 8.
368 2603 463 2676 Puite
488 2624 623 2684 autem,
650 2630 718 2676 non
742 2631 824 2696 pane
846 2603 961 2675 vixiffe
987 2603 1090 2701 longo
1117 2622 1203 2675 tem·

197 2725 280 2792 pore
306 2699 481 2773 Romanos
505 2699 745 2783 manifestum,
772 2702 928 2796 quoniam
954 2701 1030 2769 inde
1057 2702 1094 2774 δι
1119 2698 1203 2793 pul-

197 2797 362 2868 mentaria
382 2795 482 2868 hodie
497 2823 631 2891 quoque
650 2799 814 2873 dicuntur.
851 2799 889 2868 N
892 2821 935 2868 on
955 2797 1065 2889 itaque
1088 2796 1205 2870 vesce-

196 2890 319 2966 bantur
343 2895 517 2974 carnibus,
544 2893 597 2967 sed
627 2895 774 2968 oleribus
796 2911 854 2967 aut
881 2893 1047 2987 pultibus,
1071 2913 1204 2967 totum-

198 3014 261 3084 que
300 2988 452 3062 edulium
484 2991 537 3085 jus
567 2992 741 3064 vocabant.
794 2992 916 3064 Horat.
932 3014 967 3066 2.
1008 2995 1110 3067 Serm.
1149 2988 1203 3085 Est

198 3107 307 3182 rperae
337 3087 478 3182 pretium
509 3088 650 3183 duplicis
684 3087 869 3184 cognoscere
895 3089 983 3184 juris
1023 3092 1201 3162 Naturam.

195 3181 317 3280 Hujus
338 3199 451 3254 autem
479 3182 557 3278 juris
582 3185 616 3255 in
641 3185 802 3257 conviviis
823 3209 918 3276 pares
940 3184 1101 3258 dabantur
1124 3183 1205 3258 uni-

198 3280 324 3376 ruique
354 3298 485 3371 partes:
511 3281 600 3351 unde
626 3280 822 3375 Homerus,
852 3279 1046 3355 convivium
1076 3281 1205 3373 aequale

197 3375 263 3450 fere
297 3377 430 3465 semper
457 3378 613 3450 nominat.
656 3377 873 3452 Vocabantur
902 3376 985 3450 verb
1024 3375 1202 3469 Duplicari

196 3472 249 3561 (ut
273 3475 321 3546 ait
347 3474 480 3560 Varro)
504 3475 625 3567 quibus
649 3477 682 3545 in
700 3476 864 3548 conviviis
889 3473 935 3546 ob
959 3477 1118 3546 virtutem
1141 3475 1206 3543 du·

195 3571 295 3664 plicia
321 3588 360 3644 ut
383 3571 535 3640 darentur
557 3571 677 3645 cibaria
700 3573 764 3644 fuit
785 3571 980 3646 institutum.
1021 3568 1129 3660 Cujus
1156 3568 1206 3640 rei

196 3671 298 3739 etiam
330 3669 366 3738 in
399 3662 496 3736 sactis
530 3666 644 3737 Bibliis
682 3668 720 3740 fit
757 3671 894 3745 mentio.
952 3665 1044 3736 Nam
1079 3661 1206 3741 Gener.

197 3789 265 3861 cap.
285 3785 348 3857 43.
381 3761 489 3856 major
520 3765 632 3856 portio
667 3767 739 3838 data
768 3764 814 3837 est
845 3763 1068 3861 Benjamim,
1106 3761 1206 3858 quim

196 3882 397 3933 caeterorum
426 3857 573 3932 cuilibet.
626 3859 746 3955 Itaque
778 3859 911 3956 proprii)
945 3856 997 3949 ius
1030 3858 1076 3931 est
1113 3862 1207 3954 quod

195 3954 350 4051 Hispania
374 3955 515 4026 dicimus
538 3957 696 4050 Quium,
717 3979 832 4054 parce,
855 3956 1010 4055 portion,
1028 3955 1207 4029 ordinario.

198 4054 332 4129 Gratis
373 4050 419 4127 est
446 4051 566 4143 χῖινιξ,
599 4056 634 4126 id
666 4053 712 4128 est
726 4098 740 4135 2
753 4055 949 4224 Bdt'ttatnsttttt
976 4049 1042 4145 (ut
1074 4052 1213 4224 νοεμαῐνὶιι

805 4173 827 4249 3
1180 4169 1222 4217 ‘³‘
