2859 4709
461 451 528 508 tu
578 408 984 509 Nasturcii(
1144 443 1220 532 '437

203 557 323 632 tradita
348 560 479 636 Graecis
495 561 626 634 causam
643 562 833 651 huiusmodi
857 561 1132 634 transmutationis
1153 564 1219 635 fin·

207 661 328 749 gendae
346 652 495 747 praebuit.
537 660 627 730 Nam
643 661 787 756 AEgypti
802 663 937 754 regibus
953 685 1025 730 mos
1042 679 1109 730 erat
1128 662 1219 731 Leo·

207 757 281 829 nis,
308 755 415 834 tauri,
435 775 495 826 aut
529 758 680 827 draconis
715 759 872 847 priorem¹
899 778 1023 847 partem
1049 757 1083 824 in
1111 758 1219 844 capite

208 848 319 930 ferre,
339 852 540 944 principatus
563 851 721 947 insignia:
738 855 912 948 aliqnando
941 879 1020 923 vero
1046 854 1219 939 arborem,

205 967 262 1021 eut
291 950 437 1040 ignem,
466 970 519 1020 aut
555 952 738 1020 redolentia
770 951 862 1041 supra
888 967 987 1040 caput
1021 968 1219 1043 unguenta,

208 1060 309 1134 atque
329 1069 438 1133 aquas.
479 1045 566 1115 Haec
591 1050 679 1117 enim
698 1066 769 1119 tum
791 1051 830 1119 ad
855 1051 1012 1116 decorem
1036 1069 1133 1137 arque
1158 1048 1221 1118 oti

208 1160 323 1212 uatum
348 1140 567 1233 spesiabant,
595 1164 667 1217 turn
694 1145 864 1233 liuporem
890 1167 926 1214 ac
958 1141 1221 1234 superstitionem

208 1241 375 1332 quandam
403 1238 652 1330 inspicientibus
677 1241 878 1338 injiciebant.
926 1238 1014 1311 Haec
1041 1241 1108 1310 ille.
1153 1240 1221 1316 Li-⁴

208 1335 338 1407 centius
365 1337 445 1405 hanc
472 1334 614 1406 fabulam
642 1336 684 1407 si'c
712 1336 880 1429 expressit:
1268 1351 1271 1356 '

258 1435 396 1527 Spumot
420 1455 521 1528 aper,
535 1435 619 1527 fluit
646 1438 759 1513 unda,
777 1433 894 1528 stertit
919 1433 967 1503 leo
984 1424 1128 1525 ,sibilat
1151 1456 1220 1505 att·

308 1554 394 1624 guas.
635 1614 642 1628 x

196 1624 364 1716 ‚Quidam
392 1627 437 1700 ob
456 1629 635 1701 multatum
655 1626 895 1720 disciplinarum
919 1624 1070 1714 peritiam
1096 1627 1152 1700 has
1174 1626 1221 1699 illi

208 1721 362 1793 tribuunt
386 1728 596 1797 mutationes.
638 1725 773 1820 Phytice
795 1745 905 1795 autem
927 1721 973 1791 est
996 1725 1133 1794 Proteus
1153 1727 1223 1815 pri·

211 1841 269 1904 ma
298 1821 457 1901 materia,
482 1845 557 1916 quar
583 1824 615 1892 in
643 1825 747 1894 varias
770 1821 895 1892 formas
926 1837 1086 1893 vertitur,
1114 1839 1149 1889 ut
1177 1842 1223 1892 ex

212 1915 353 1986 Platone
372 1919 461 1990 dosii
479 1916 608 2012 possunt
635 1919 813 2009 expiscari:
838 1915 890 1986 sed
907 1914 977 1984 hsce
1003 1916 1125 1984 altioris
1150 1914 1223 1986 tunt

211 2011 450 2106 indagationis:
479 2021 514 2091 dt
537 2017 687 2086 Hercule
710 2019 873 2086 acerrimo
901 2012 1005 2104 Hylae
1028 2013 1222 2105 indagatore

211 2109 377 2202 indigent.
430 2113 549 2184 Claves
587 2113 675 2182 enim
702 2115 799 2184 Ponti
830 2107 1084 2204 generationem.
1109 2131 1223 2178 retum

213 2205 279 2279 esse
304 2207 420 2278 volunt
447 2210 634 2279 dodirssrmi.
776 2242 778 2245 ’

262 2303 393 2396 tll.z30.
421 2309 488 2380 Sed
504 2307 601 2378 dubio
621 2305 750 2394 vultu,)
774 2305 806 2374 id
819 2304 886 2388 esi,
906 2307 985 2398 quid
998 2308 1124 2390 dicam,
1140 2309 1223 2379 Pro-

212 2419 267 2474 tea
294 2400 447 2492 perosum
471 2402 574 2478 risus,
601 2402 638 2474 ἃ
657 2401 813 2493 perosum
834 2403 993 2497 lacrymas
1015 2404 1118 2474 dubio
1148 2405 1222 2474 vul·

212 2495 275 2571 tui
316 2499 438 2570 Sumsit
463 2500 527 2570 hoc
552 2501 728 2570 Politianus
746 2505 805 2581 (ut
828 2500 888 2570 alia
905 2503 1029 2588 tnttlta)
1054 2526 1095 2570 ex
1121 2525 1223 2570 enar-

213 2614 327 2666 ratore
353 2596 584 2691 Lycophronis
614 2595 719 2666 Isacio
744 2597 885 2667 Tzetze.
931 2599 1073 2668 Proteus
1093 2597 1222 2687 (inquit

211 2693 295 2783 ille)
325 2693 507 2787 AEgyptius
544 2718 649 2785 quum
687 2716 729 2763 ex
762 2691 905 2764 Thracia
940 2693 974 2761 in
1012 2693 1223 2763 Pallenenlen

215 2785 390 2882 Phlegiam
415 2790 643 2884 demigrasset,
672 2813 814 2861 uxorem
840 2790 933 2860 duxit
958 2789 1159 2869 Toronem,
1179 2813 1224 2862 ers

215 2909 280 2978 qua
312 2886 501 2980 Tmylum,
517 2887 784 2980 &Telegonem
813 2884 966 2977 suscepit,
995 2888 1051 2975 qui
1078 2884 1224 2981 hospites

212 2981 250 3059 in
277 2983 363 3054 lusia
393 2981 558 3076 superatos
582 2983 804 3053 occidebant:
843 3008 939 3076 quam
969 2982 1123 3076 injuriam
1154 3005 1224 3054 nott

213 3081 323 3150 serens
351 3082 489 3150 Prote‘us
515 3077 647 3172 {epatre
676 3081 841 3168 Neptuno
868 3081 1016 3171 optavit,
1043 3099 1080 3152 ut
1106 3076 1137 3146 se
1161 3103 1226 3174 pa-

214 3176 286 3248 trioe
312 3196 407 3245 terrae
431 3171 540 3249 rursus
568 3175 695 3247 sisteret.
737 3178 768 3245 A
797 3201 864 3265 quo
888 3179 1024 3268 (hiatu,
1048 3176 1225 3248 cuniculo&

213 3297 283 3364 que
307 3271 325 3343 'a
342 3273 470 3344 Pallene
493 3274 526 3343 in
543 3275 733 3370 AEgyptum
760 3271 872 3360 fasso)
894 3277 927 3343 in
943 3275 1132 3366 sligyptum
1149 3293 1226 3366 per·

216 3370 338 3440 dubius
369 3367 423 3439 esi.
473 3371 660 3462 Quumque
699 3393 766 3438 non
797 3373 902 3440 multo
940 3368 1013 3460 post
1054 3366 1227 3440 Hercules

213 3463 357 3545 adesset,
384 3466 550 3562 Tmylum
580 3466 616 3539 ὃ(
648 3465 863 3560 Telegonem
892 3466 925 3535 in
958 3464 1104 3556 palaetira
1132 3466 1226 3535 occi-

215 3564 276 3635 dit.
321 3563 403 3655 Quo
430 3565 685 3659 cognito-pater
712 3587 819 3654 neque
846 3563 955 3638 ridet,
984 3560 1060 3651 quia
1085 3559 1145 3629 lilii
1173 3557 1228 3631 es·
1262 3639 1265 3651 ἱ

213 3660 309 3738 sent,
336 3685 396 3730 nec
417 3660 494 3737 flet,
522 3659 599 3753 quia
625 3657 814 3751 hospicidae.
841 3658 906 3730 Sed
926 3656 1056 3727 hislorla
1082 3655 1148 3727 hoc
1165 3655 1227 3728 ha·

214 3757 293 3829 bet:
323 3759 444 3848 Quum
473 3761 613 3827 Proteus
634 3779 723 3849 aegre
743 3755 863 3836 ferret,
885 3755 976 3844 quod
998 3751 1058 3823 filii
1084 3750 1229 3842 hospites

215 3858 394 3934 cederent,
410 3853 546 3948 illosque
564 3853 794 3925 vehementius
807 3869 971 3943 carperet,
985 3848 1090 3939 ipsum
1105 3849 1140 3917 in
1156 3849 1226 3921 hta·

215 3969 291 4024 tum
311 3951 460 4023 Pallenes
475 3951 677 4042 praecipitem
693 3965 903 4021 necaverunt.
930 3947 999 4020 Ubi
1023 3969 1132 4036 neque
1150 3946 1230 4027 flet,

216 4071 329 4144 neque
354 4050 449 4123 ridet.
481 4046 568 4124 Her
584 4047 896 4220 Tzetzes.EQuum
916 4066 1032 4124 autem
1047 4044 1231 4152 Politianus

778 4163 847 4251 eg
1198 4159 1239 4211 m
