2859 4709
237 410 285 491 28
485 406 992 483 Pannooxonl.

239 538 327 611 ditus
350 541 410 636 qni
434 564 495 633 pro
510 516 639 615 muido
662 563 731 610 non
751 537 867 610 scribat
887 537 1015 613 calum,
1035 557 1099 628 pro
1118 532 1240 608 instrue

238 656 354 706 mento
379 640 500 711 caelum.
856 682 861 688 -
1227 654 1239 691 '·

289 735 492 817 Res‚‘multa
515 734 646 805 videtur
665 729 870 825 significare:
896 733 995 803 Unde
1015 728 1186 803 Ausonius
1204 728 1240 801 in
1279 739 1281 745 '

240 828 472 925 monosyllabis
497 829 632 925 quaerit:
659 829 854 926 Imperium,
879 828 986 904 litem,
1008 851 1155 899 venerem
1181 849 1239 899 cur

240 949 307 995 una
325 951 414 1015 notar
433 927 507 1000 rest
536 921 760 1014 Respondeo‚
777 923 868 1002 Res,
883 923 1080 1019 negotium,
1094 924 1130 997 δι
1148 923 1241 1014 apud

241 1023 382 1097 Graecos
403 1029 521 1118 χρέμι,
543 1049 673 1114 npapna
688 1021 752 1107 elb
773 1018 906 1091 nomina
931 1043 1005 1113 quae
1024 1037 1145 1092 vocant
1159 1021 1244 1092 Dia·
1278 1038 1282 1059 ··

241 1117 350 1188 letrici
364 1121 640 1212 transcendentia,
655 1118 774 1212 quibus
791 1119 901 1188 omnia
913 1117 1134 1211 subjiciantur.
1173 1117 1243 1189 Sed

241 1230 354 1286 tamen
372 1216 544 1313 significati
558 1219 695 1287 variatio
713 1239 758 1286 etc
780 1214 942 1309 adjunciis
963 1216 1137 1304 dependet.
1170 1215 1242 1288 Pro

242 1307 383 1402 imperio
404 1314 535 1407 sumpsit
552 1311 717 1407 Virgilius
733 1311 767 1380 in
784 1311 853 1382 illo.
879 1308 1048 1406 Postquam
1063 1336 1114 1382 res
1129 1310 1244 1404 Astae,

189 1446 191 1451 ·
243 1406 315 1480 &a
357 1413 422 1484 Pto
447 1414 504 1484 lite
528 1409 645 1480 Horat.
670 1408 770 1480 tint.
799 1410 893 1553 Saty.
931 1409 1062 1480 Dubius
1074 1406 1147 1494 sum
1165 1404 1246 1501 quiri

234 1500 377 1593 facium,
397 1529 468 1582 tene
497 1505 693 1601 relinquam,
716 1516 766 1574 an'
781 1529 867 1576 rem.
898 1529 960 1596 pro
982 1528 1104 1575 venere
1123 1503 1245 1594 paffim

234 1605 331 1691 'apud
344 1604 523 1677 Comicos:
540 1621 576 1675 ut
590 1603 729 1674 Terent.
757 1597 1043 1696 Prtjiquamsenfir
1066 1623 1114 1672 me
1126 1617 1246 1673 terunt

243 1721 311 1770 rem
335 1700 460 1774 habere.
503 1698 652 1787 sumitur
677 1696 714 1771 ἃ
735 1721 797 1789 pro
820 1699 929 1768 multis
950 1699 1020 1768 aliis
1040 1697 1159 1776 rebus,
1185 1694 1246 1769 sed

243 1796 361 1865 eadem
387 1797 432 1869 eil
460 1796 664 1894 significatio.
707 1794 773 1873 Sed
797 1793 863 1888 jam
887 1795 994 1885 aliqua
1016 1795 1057 1865 de
1076 1790 1247 1886 particulis

244 1891 344 1985 (quas
368 1891 610 1966 indeclinabiles
630 1887 770 1982 vocant)
791 1893 965 1967 addamus:
990 1914 1051 1962 nec
1071 1894 1113 1964 de
1135 1891 1248 1963 omni·

244 1987 327 2069 bus,
351 1987 406 2062 sed
433 2018 507 2084 quae
535 1990 710 2081 ptaecipuae
736 1988 920 2059 videantur.

247 2081 250 2097 ¹
292 2087 395 2164 Cum,
417 2086 625 2180 praepofiti0‚
644 2082 892 2158 &adverbium
917 2083 1076 2176 temporis
1102 2085 1246 2156 diciturt

246 2177 301 2251 sed
325 2206 449 2278 magno
475 2207 552 2255 cum
579 2205 699 2252 errore.
741 2180 833 2251 Nam
854 2179 930 2252 clim
953 2200 1085 2270 tempus
1109 2180 1249 2276 fignifi-.

246 2296 358 2355 catut,
384 2302 449 2350 non
477 2282 581 2356 Cum,
608 2277 660 2348 sed
687 2301 781 2374 quum
807 2296 862 2347 aut
888 2303 981 2372 qum,
1005 2280 1103 2349 debet
1128 2278 1248 2363 l'cribi.

246 2372 423 2466 antiquitus
437 2374 573 2469 ‘semper
593 2374 713 2468 Quom.
750 2372 837 2446 Haec
851 2373 1046 2448 Viiiorinus
1070 2372 1109 2446 de
1131 2376 1249 2448 ortdo-

273 2496 310 2540 ru
332 2473 398 2543 hia.
454 2474 456 2478 ’

244 2493 270 2566 g
298 2491 362 2648 iit,
387 2568 500 2641 dicunt
522 2568 628 2662 accipi
653 2590 713 2660 pro
749 2563 926 2663 Quarum,
948 2566 1005 2639 sed
1032 2566 1063 2638 id
1088 2563 1247 2658 imperiti

186 2734 188 2739 ,
247 2665 394 2739 docetur.
432 2669 524 2739 Nam
552 2670 595 2740 Ur
622 2663 802 2758 semper&
821 2665 945 2760 ubique
963 2664 1181 2737 fimilitudinis
1198 2660 1248 2736 e'st

247 2762 423 2851 panicula,
446 2782 483 2834 ut
506 2763 725 2836 ostendemus.
769 2763 880 2855 Quum
901 2763 1030 2834 videtur
1047 2761 1157 2852 accipi
1182 2785 1247 2856 pro
1273 2826 1276 2831 .

248 2862 407 2950 quanvis,
442 2860 530 2932 deell
554 2857 650 2954 Esto,
670 2857 759 2951 fac,
785 2864 836 2933 dn
884 2861 986 2931 Orid.
1026 2858 1181 2932 Protinus
1208 2876 1244 2928 ut

247 2953 380 3035 redeas,
398 2955 491 3047 falla
508 2958 643 3030 uidebor
669 2980 761 3026 anus.
785 2957 807 3027 i.
818 2954 879 3047 fac
903 2981 958 3039 ut,
981 2953 1043 3051 ello
1065 2975 1099 3024 ut
1113 2996 1127 3032 ,
1137 2954 1248 3050 proti·¹

240 3056 308 3120 ‘nus
332 3054 456 3123 venias.
494 3053 617 3126 Cicero
640 3075 674 3128 2.
696 3055 768 3125 Fim
806 3051 882 3148 Esto
899 3051 1037 3143 fecerit,
1053 3049 1085 3146 Ji
1116 3055 1163 3121 ita
1186 3050 1251 3122 uis.

249 3145 271 3217 i.
297 3145 365 3218 esto
396 3167 434 3221 ut
462 3148 593 3220 fecerit:
631 3149 753 3221 Horat.
788 3154 857 3225 Sat.
877 3151 910 3224 6.
942 3151 998 3220 lib.
1015 3172 1047 3225 1.
1095 3149 1250 3241 Namque

249 3239 337 3335 eston
366 3248 504 3342 populus
529 3247 657 3318 Levino
679 3249 788 3318 mallet
813 3248 995 3330 honorent,
1020 3241 1119 3341 qudm
1145 3245 1250 3315 Decio

247 3343 410 3413 mandare.
450 3345 594 3441 Quintil.
620 3342 674 3414 lid.
689 3365 745 3423 12.
769 3365 837 3441 cap.
855 3364 886 3417 1.
927 3346 985 3414 Da
1006 3367 1089 3415 nunc
1115 3361 1151 3413 ut
1180 3342 1251 3412 cri·

247 3438 332 3507 mine
351 3436 512 3528 maniftllo
534 3459 700 3534 prematur
722 3444 790 3513 dux
813 3442 924 3517 bonus.

298 3535 363 3613 Ut,
393 3537 504 3608 dicunt
532 3536 637 3629 accipi
656 3559 719 3626 pro
752 3540 892 3611 Utinam.
930 3537 1070 3610 Terent.
1104 3535 1251 3632 Adelph,

250 3633 296 3704 Ur
325 3636 408 3733 Syre
440 3655 472 3705 tc
505 3658 642 3728 magnus
675 3634 791 3726 perdat
828 3635 970 3729 Jupiter.
1026 3632 1177 3706 Catullus
1216 3638 1252 3701 in

239 3731 364 3800 coma:
393 3733 531 3828 Jupiter,
545 3751 581 3799 ur
600 3731 779 3830 Chalybum
793 3754 883 3802 omne
901 3755 1005 3824 genus
1022 3752 1141 3826 pereat.
1167 3728 1251 3824 Ho-

248 3843 307 3898 tat.
325 3847 359 3902 2·
385 3832 484 3902 Serm.
506 3829 657 3924 Jupiter,
681 3850 718 3900 ut
735 3846 846 3926 pereat
863 3825 996 3920 pofitum
1016 3829 1164 3922 rubigine
1175 3823 1252 3914 fer·

248 3947 328 4015 rum.
364 3925 430 3996 Sed
452 3929 485 3996 in
506 3921 613 3998 his&
635 3923 705 3996 aliis
727 3927 799 4017 quis
819 3946 886 3991 non
911 3927 1003 3994 videt
1026 3922 1131 3996 deelle
1146 3924 1252 4002 Oro,

243 4037 377 4114 pretor,
403 4023 526 4118 quasa?
567 4016 612 4093 Ut
636 4020 671 4091 iu
694 4021 752 4098 illo
775 4019 865 4096 Livii
887 4020 977 4096 tint.
1001 4024 1130 4117 Jupiter
1143 4039 1253 4117 puter,

1159 4106 1253 4211 fiat
