2859 4709
402 462 466 514 rn
516 443 895 516 Nummi.
1070 460 1142 535 473

206 599 245 652 n,
268 571 290 640 i.
316 570 521 663 sophillicam
543 552 730 661 captionem
749 568 875 639 solvere
894 564 1052 661 nequiret.
1074 569 1140 640 ibi-

206 694 224 737 n
247 678 382 758 apponit
409 668 577 738 Atheneus
602 669 664 739 tale
692 667 906 757 epitaphium.

207 776 256 840 lle
284 797 370 842 curae
395 775 532 867 vigiles,
557 772 682 864 hospes,
699 766 850 863 slmvsrc
873 769 1060 850 Philrtem,

243 870 412 964 Sermoquc
431 869 657 964 pseudomenos
682 869 823 958 perdidit
848 867 1044 958 implicitum.

228 963 292 1034 hoc
316 971 413 1056 po'e'ta
433 968 574 1036 creditur
595 963 759 1056 Virgilius
779 961 917 1033 sumsrlle
941 962 1038 1032 illud:
1064 966 1139 1032 Art·

210 1082 258 1130 trs
271 1059 408 1151 fortuna
424 1066 543 1156 juvat,
568 1061 643 1154 quia
667 1055 788 1151 scripsit
811 1058 1021 1131 Claudianus.

211 1176 273 1246 ''ors
293 1178 392 1269 juvar
418 1176 591 1255 audentes,
617 1174 674 1246 Coi
690 1171 851 1259 florentia
876 1173 972 1242 vatis.

212 1313 233 1360 7·
246 1313 324 1388 552.
350 1299 422 1370 Nec
433 1292 501 1384 fine
518 1318 621 1367 amore
633 1291 805 1386 jocisque.)
829 1293 1057 1374 Mimnermus
1073 1284 1138 1382 (lic

212 1413 233 1457 n
256 1391 404 1463 scribitur
426 1393 556 1482 semper
578 1393 663 1480 apud
686 1387 827 1482 Athen.)
849 1389 909 1460 suit
931 1386 1137 1483 Lyrgitiadae

213 1484 350 1578 ophonii
373 1488 479 1568 filicis,
503 1498 541 1559 tit
562 1489 605 1557 ait
627 1484 753 1555 Strabo.

212 1605 273 1654 rar..
298 1585 353 1654 tit.
371 1605 402 1657 1.
428 1580 516 1680 epist.
530 1585 564 1659 6.
813 1578 823 1591 “

211 1697 232 1764 li
257 1698 469 1768 Mimnermus
493 1698 544 1768 uti
567 1692 690 1780 censet,
706 1689 778 1787 fine
801 1717 932 1772 amore,
950 1692 1113 1789 iocisque,

237 1794 302 1864 Nil
326 1788 578 1887 clljucurrdum,
607 1790 701 1860 vivos
727 1792 762 1861 in
789 1815 896 1862 amore
915 1788 1067 1884 jocisque.

211 1930 242 1975 ra
267 1906 354 2005 vide·
369 1910 456 2002 apud
477 1907 680 1982 Lambirrum
706 1904 740 1975 in
761 1904 850 1977 hunc
873 1904 986 1974 locum
1012 1903 1134 1977 Horat.

211 2003 354 2073 Suidam.
550 2060 568 2077 .,
664 2064 668 2073 ,
754 2004 777 2077 J
1132 2067 1134 2073 .

213 2118 273 2191 53.
298 2098 392 2191 Quid
421 2095 533 2195 rrfiica
560 2098 697 2187 dicato.)
724 2095 801 2168 Poll
833 2094 1034 2194 Eleg'iacos,
1061 2097 1137 2170 illos

225 2194 399 2275 B‘ucolica,
417 2198 469 2268 vel
489 2198 630 2291 Eclogas
657 2193 821 2276 luserunt,
847 2196 1013 2274 decantat,
1038 2195 1136 2266 vide·

216 2291 273 2364 hic'
292 2293 469 2365 Politianus
485 2295 668 2369 Moschum
691 2292 727 2366 dt
746 2290 969 2363 Theocritum
993 2313 1055 2382 pro
1077 2317 1135 2365 eo·

211 2387 377 2459 ilumere.
427 2391 517 2462 Nam
551 2395 584 2460 in
610 2390 727 2460 codice
758 2388 882 2462 Graeco
914 2388 1048 2480 antiquo
1074 2387 1133 2463 sub

211 2487 274 2556 rinc
301 2485 476 2557 Theocriti
500 2480 597 2558 Idilia
623 2505 712 2556 erant
738 2484 838 2554 etiam
855 2485 892 2557 ὅ(
914 2483 1073 2561 Moschi,
1097 2484 1134 2560 δι

211 2585 271 2655 ris:
295 2602 326 2650 at
346 2609 433 2654 nunc
450 2583 516 2677 jam
537 2582 610 2655 sunt
627 2581 780 2679 discreta,
793 2581 829 2652 <lc
842 2579 1003 2668 separatur
1015 2580 1134 2650 Theo·

210 2705 238 2769 rs
264 2677 282 2748 it
305 2678 451 2752 Moscho
464 2680 532 2758 ,.&
558 2680 672 2751 Bione.
717 2678 897 2766 Apponam
922 2697 995 2765 quae
1021 2673 1134 2747 obser·

210 2795 226 2846 t
252 2768 426 2865 Adolphus
447 2772 630 2848 Mekerens
658 2778 692 2846 in
715 2769 896 2845 Moschum
924 2771 959 2846 ὅ(
991 2769 1133 2845 Bionern

226 2872 369 2968 seorsum
390 2871 507 2943 editos.
539 2872 701 2945 Moschus
722 2869 874 2963 carminis
892 2869 1038 2940 Bucolici
1057 2866 1134 2940 scri-

209 2987 329 3040 rnetus
355 2966 401 3037 est
425 2968 576 3047 Siracusrs
599 2973 632 3039 in
655 2965 783 3040 Sicilia:
809 2991 846 3037 ac
869 2964 942 3057 poll
961 2965 1134 3037 Theocri·
1181 2974 1185 2988 “

231 3063 436 3154 temporibus
463 3064 638 3138 Aristarchi
663 3064 747 3135 vixit
767 3063 1002 3157 Olymp156.
1029 3086 1135 3155 quum

208 3167 346 3257 ffigypto
367 3183 520 3257 regnaret
541 3163 682 3234 Ptolem.
716 3159 931 3231 Philometor.
972 3159 1054 3229 Sum
1076 3182 1134 3231 au·

229 3260 249 3331 it
273 3256 434 3353 principio
462 3258 557 3353 regni
584 3255 810 3348 Philadelphi,
835 3253 893 3330 sub
919 3277 986 3345 quo
1011 3252 1134 3325 Theo·

207 3380 238 3427 rs
264 3354 366 3435 vixit,
391 3351 495 3445 usque
521 3357 562 3424 ad
587 3355 787 3445 principium
811 3352 904 3448 regni
927 3350 1134 3424 Philometo-

232 3449 289 3527 sub
316 3473 382 3540 quo
413 3447 575 3522 Moschus
600 3451 704 3532 vixit,
729 3446 805 3522 anni
833 3445 961 3521 circiter
988 3448 1133 3521 ceritum.

206 3573 222 3616 n
248 3547 345 3618 etiam
370 3570 455 3618 unus
477 3547 538 3616 suit
557 3572 599 3620 ex
619 3543 723 3617 tribus
747 3543 958 3635 scriptoribus
982 3543 1135 3616 carminis

205 3643 311 3737 plici,
337 3661 428 3714 natus
451 3644 622 3738 Smyrna,
642 3660 679 3712 ut
699 3639 897 3733 Homerus,
919 3664 995 3712 nam
1013 3638 1051 3713 δι
1065 3638 1135 3734 ipse

204 3739 359 3835 le'srgenes
382 3740 488 3811 didius
511 3736 578 3823 est,
604 3736 746 3809 creditus
769 3734 788 3808 ὲ
811 3752 902 3827 patre
925 3736 1056 3811 Melete
1077 3760 1135 3808 na·

203 3840 292 3932 ..qui
318 3830 441 3906 fluvius
462 3859 523 3927 per
545 3858 666 3930 agrum
683 3836 740 3906 Sm
767 3856 890 3927 meum¹
906 3857 943 3905 ac
961 3833 1135 3917 Cumeunr

203 3935 290 4007 ritur.
336 3929 489 4023 Quodsi
515 3931 720 4026 epitaphium
741 3860 860 4002 ilionis
883 3927 1029 4002 Moscho
1054 3924 1134 4002 vere

203 4052 316 4115 ratur-2
330 4048 368 4109 ut
385 4025 402 4107 'a
420 4026 583 4133 plerisque
604 4030 664 4126 lit5
684 4022 812 4109 neceffc
831 4023 1136 4205 ellTheocritthmf:

1083 4146 1101 4204 o
1124 4198 1138 4210 .
