2859 4709
562 393 841 468 tulatu.
1071 413 1196 488 -217

202 523 360 600 Salmacis
383 537 487 616 utque
511 546 638 614 patrem
663 528 783 598 condat
808 544 840 598 te
862 522 1012 601 Phoebus
1031 528 1067 599 in
1084 529 1151 600 ima

250 623 416 700 Tartara,
438 626 530 713 quod
561 643 643 696 natae
666 623 789 694 fecerat
813 618 879 715 ipse
906 624 982 695 suae.

202 719 311 807 Inque
337 738 413 791 tuos
438 741 477 788 ea
501 717 597 809 pellis
622 739 673 790 eat
699 744 797 813 quam
822 724 935 792 dextra
961 719 1112 793 Chorebi

253 815 367 894 Vicit,
390 836 492 905 opem
515 813 638 888 miseris
665 814 896 911 Argolicisque
919 817 1003 888 tulit.

204 911 315 1001 thue
340 933 446 1004 nepos
472 911 603 984 AEthrae
621 913 770 987 Veneris.
787 913 1006 988 moribundus
1030 910 1076 986 ob
1096 912 1198 997 iram,⁹

221 1066 224 1071 .
251 1009 341 1080 Exul
364 1009 406 1081 ab
431 1009 574 1081 attonitis
600 1011 773 1082 excutiaris
786 1009 899 1104 equis.

203 1105 453 1197 Propter.opes
475 1104 593 1177 nimias
617 1121 655 1177 ut
680 1104 819 1198 perdidit
845 1103 961 1197 hospes
986 1105 1177 1196 alumnum,
1267 1182 1271 1191 „

254 1203 371 1301 Perdat
391 1201 437 1272 ob
463 1201 601 1296 exiguas
624 1220 658 1272 te
683 1216 759 1275 tuus
784 1200 901 1293 hospes
924 1227 1015 1292 opes.

205 1297 318 1388 thue
344 1297 455 1371 ferunt
476 1297 592 1370 fratres
616 1296 671 1369 sex
695 1323 773 1369 cum
800 1297 1055 1374 Damasrethone
1079 1299 1198 1388 casua,

253 1395 396 1465 Intereat
421 1412 530 1467 toturn
558 1393 600 1464 lic
624 1419 732 1490 genus
758 1420 857 1467 omne
879 1414 986 1469 tuum.

202 1487 342 1561 Addidit
365 1510 402 1563 ut
428 1491 549 1564 fidicen
576 1491 699 1563 miletis
721 1490 775 1562 sua
800 1492 913 1564 funera
937 1493 1039 1581 narie,

255 1587 309 1657 Sic
338 1586 399 1657 tibi
424 1585 482 1659 lint
509 1588 584 1659 vitae
608 1590 703 1659 taedia
727 1587 806 1680 julla
831 1608 905 1662 tuae.

203 1682 324 1772 thue
349 1681 440 1756 soror
465 1684 595 1776 Pelopie
622 1683 698 1755 saxo
729 1684 854 1774 dureris
879 1686 1022 1758 oborto:

258 1779 303 1847 Et
326 1777 415 1852 lasus
437 1780 547 1877 lingua
571 1781 682 1851 Battus
705 1779 746 1850 ab
773 1779 841 1872 ipse
865 1780 928 1854 sua.

152 1882 159 1891 '
203 1874 297 1949 Aiira
324 1871 347 1944 li
374 1876 467 1949 millo
493 1902 635 1950 vacuum
659 1876 843 1969 jaculabere
867 1877 978 1960 disco,

254 1972 338 2062 Quo
364 1998 447 2065 puer
470 1971 639 2047 OEbalides
667 1974 750 2045 irtus
775 1974 816 2043 ab
843 1973 925 2046 orbe
949 1974 1053 2047 cadas.

204 2067 326 2157 Siqua
350 2093 409 2160 per
428 2071 570 2143 alternos
594 2069 772 2162 pulsabitur
793 2072 880 2142 unda
899 2073 1063 2154 lacertos,

255 2166 377 2236 Omnis
402 2166 564 2263 Abydena
590 2165 627 2236 stt
653 2166 711 2236 tibi
734 2165 829 2258 pejor
853 2192 944 2260 aqua.

207 2259 368 2334 Comicus
392 2282 430 2333 ut
456 2264 585 2357 liquidis
611 2262 708 2354 periit
735 2265 815 2333 dum
838 2266 933 2336 nabat
955 2265 989 2335 in
1014 2261 1132 2342 undis,

255 2359 298 2428 Et
325 2376 381 2430 tua
403 2357 448 2428 stc
468 2361 602 2456 Stygius
625 2359 804 2450 strangulet
830 2384 886 2431 ota
912 2362 1030 2453 liquor.

204 2457 277 2528 Aut
304 2452 364 2526 ubi
389 2458 560 2530 ventosum
585 2452 750 2548 superabis
775 2457 952 2551 naufragus
977 2481 1110 2551 aequor,

254 2551 414 2625 Contadla‘
441 2576 555 2643 pereas
580 2570 618 2626 ut
643 2550 810 2624 Palinurus
835 2554 949 2623 humo.

204 2645 577 2743 thueeothurnatum
600 2667 709 2719 vatem
738 2648 837 2720 tutela
862 2650 1004 2728 Dianae,

254 2742 402 2814 Dilaniet
424 2746 564 2841 vigilum
588 2760 621 2814 te
645 2769 779 2839 quoque
804 2744 898 2815 turba
927 2767 1056 2816 canum.

204 2842 278 2913 Aut
302 2857 339 2912 ut
360 2840 527 2914 ¹Trinacrii
548 2838 635 2914 salias
659 2842 754 2931 supet
778 2865 835 2912 ota
862 2842 1042 2934 Giganti„

254 2934 402 3006 Plurima
424 2938 659 3031 quallammas
682 2939 805 3009 Sicanis
831 2938 932 3009 AEtua
954 2935 1071 3011 vomit.

203 3031 440 3123 Diripiantque
460 3052 534 3106 tuos
560 3031 673 3106 insanis
699 3033 868 3129 unguibus
889 3054 975 3106 artus

252 3127 453 3222 Strymoniae
473 3149 614 3211 matres,
639 3130 803 3222 Orpheon
822 3127 884 3200 elle
905 3149 990 3202 ratae.
1108 3171 1110 3174 >

206 3225 319 3295 Natus
345 3242 382 3295 ut
405 3226 511 3298 Alteae
535 3227 673 3298 flammis
695 3224 878 3298 absentibus
900 3225 996 3307 arsit,

252 3319 309 3393 Sic
337 3337 413 3392 tuus
436 3322 576 3396 ardescat
599 3321 712 3413 stipitis
733 3320 811 3417 igne
838 3346 951 3417 rogus.
1149 3403 1151 3405 ,

205 3417 253 3489 Ut
278 3439 364 3487 nova
389 3414 536 3491 Phasiaca
560 3417 739 3510 comprella
767 3418 813 3489 ell
839 3441 940 3510 nupta
966 3425 1110 3492 coronas

252 3513 364 3603 thue
387 3532 480 3604 pater
502 3535 634 3610 nuptae,
662 3537 806 3603 cumque
829 3513 1119 3606 parente‘domus.

206 3610 254 3679 llt
278 3632 377 3681 cruor
402 3606 590 3684 Herculeos
610 3609 688 3682 abiit
711 3607 847 3682 diffusus
871 3611 904 3681 in
928 3627 1034 3687 artus,

258 3705 326 3780 Cor
351 3728 409 3776 ora
432 3705 621 3796 pestiferum
645 3703 688 3775 stc
714 3722 769 3777 tua
790 3705 879 3779 virus
904 3709 988 3778 edat.

201 3803 286 3899 Qua
325 3823 366 3872 ua
390 3802 582 3875 Penteidem
603 3802 712 3896 proles
736 3799 782 3872 est
802 3801 871 3874 ulta
893 3803 1117 3898 Lycurgumi

251 3897 340 3985 Hac
365 3910 494 3976 maneat
517 3900 574 3977 teli
594 3917 628 3974 te
652 3921 786 3996 quoque
808 3897 905 3996 plaga
925 3896 1038 3990 novi„
1088 3995 1121 4068 U

230 4032 234 4049 ι
1123 4007 1200 4088 tque
