2859 4709
358 394 432 490 an
469 375 752 453 Garanum
789 381 1038 454 Ausourr.
1136 384 1207 484 265

254 497 359 595 tls.50.
370 506 437 577 Per
453 503 711 601 trinasspecier.)
739 506 1005 581 TRlGONOS
1023 505 1065 577 lic
1078 507 1209 599 Trigo-

202 614 330 668 norum
346 603 483 696 regula,
496 603 531 672 id
542 602 609 678 est,
630 606 787 698 trigonon
800 598 903 684 liriea,
920 605 1075 698 trianguli
1091 624 1207 673 omnes

204 691 325 781 triplici
343 718 499 769 vocantur
512 700 647 771 nomine
663 704 720 790 qui
735 701 807 774 sunt
820 700 975 772 omnibus
990 702 1083 771 lineis
1097 722 1207 792 aequa·

204 785 278 875 les3
305 790 480 883 isopleuri,
507 798 561 867 vel
583 800 760 889 aequilateri
786 799 962 879 dicuntur,
990 796 1046 888 qui
1075 796 1208 869 duobus

204 899 332 957 tantum
352 888 506 962 lateribus
523 897 685 986 aquales,
702 894 852 966 lsolcheli
865 896 917 963 vel
932 892 1130 986 requieturi,
1150 890 1208 984 qui

203 1003 249 1049 ex
277 986 447 1058 omnibus·
468 989 621 1062 lateribus
652 993 826 1084 inequales
859 989 1007 1060 scaleni:
1039 991 1118 1060 item
1150 986 1208 1082 qui

204 1100 313 1150 unum
327 1085 630 1179 rebiumangulum
644 1087 763 1158 habent
780 1085 993 1181 orthogonii,
1006 1106 1062 1157 aut
1080 1085 1207 1156 reblan-

256 1174 298 1246 lt:
327 1181 382 1272 qui
410 1205 515 1253 unum
534 1185 694 1279 angulum
724 1183 878 1255 obtusum
904 1182 1125 1278 ambligonii,
1149 1179 1207 1274 qui

168 1287 173 1295 '
229 1294 324 1345 mnes
344 1279 486 1371 angulos
507 1303 620 1353 acutos
640 1281 802 1375 oxigonii.

259 1385 312 1462 52.
325 1371 410 1445 Tres
423 1376 1207 1474 coitinportetnumerusperfeilus.)C0mmcn-

205 1463 259 1534 dat
279 1489 457 1542 numerum
470 1478 647 1546 ternarium
664 1476 696 1545 in
715 1475 881 1566 pluribus:
899 1478 1009 1567 primo
1026 1469 1117 1564 qubd
1130 1482 1206 1563 pe'r-

203 1559 315 1647 fefflus
328 1589 484 1640 numerus
499 1592 547 1641 ter
567 1573 663 1662 poffit
680 1573 771 1643 coire
787 1575 819 1641 in
836 1591 885 1641 ter
899 1572 982 1652 tria,
996 1572 1031 1640 id
1055 1567 1101 1639 est
1115 1566 1207 1648 ,bo-

205 1679 318 1740 vem,
344 1659 381 1733 &
404 1662 490 1735 idem
515 1692 639 1739 novem
659 1671 756 1759 pofftt
782 1668 907 1740 diffolvi
931 1669 1015 1739 inter
1038 1667 1109 1737 tria.
1144 1667 1205 1734 Se-

207 1755 352 1834 cundo,
375 1764 462 1850 quod
487 1765 667 1836 TRIAS
695 1765 810 1838 habeat
835 1789 1015 1859 numerum·
1032 1785 1144 1853 parem

205 1849 380 1940 imparem.
418 1858 552 1934 Conllat
572 1864 661 1932 enim
677 1886 720 1933 ex
735 1866 877 1934 monade
894 1862 931 1936 &
947 1861 1074 1954 dyade,
1089 1856 1206 1931 habet-

206 1971 273 2033 ‘lue
295 1951 518 2046 principium,
542 1960 689 2030 medium
716 1961 754 2035 ἃ
782 1960 895 2032 finem.
939 1960 1030 2030 Nam
1054 1973 1206 2025 centrum

206 2042 302 2115 suum
323 2053 501 2138 aequalibus
524 2055 637 2147 spaciis
660 2059 700 2126 ad
722 2057 920 2148 principium
939 2055 974 2127 ὅ(
988 2053 1087 2123 linem
1107 2073 1206 2120 com-

206 2147 312 2235 ponit.
358 2148 480 2220 Tertio
502 2151 611 2224 laudat
632 2156 809 2227 ternarium
841 2150 1033 2243 dupliciter:
1057 2147 1205 2241 primum

205 2243 238 2310 in
261 2243 408 2316 numetis
429 2247 608 2337 imparibus
631 2249 722 2341 qubcl
751 2269 901 2323 centrum
931 2247 1021 2342 ejus,
1048 2248 1104 2316 l'eu
1129 2267 1204 2315 me-

208 2339 322 2418 dium,
347 2339 412 2410 hoc
440 2343 507 2423 etl,
530 2347 633 2418 unitas
652 2347 759 2437 potest
783 2348 928 2419 dividere
955 2343 1140 2436 quinarium
1165 2337 1202 2411 &

207 2433 472 2526 septennatim,
490 2441 525 2514 ὅ(
544 2443 577 2513 hi
597 2446 727 2516 numeri
753 2444 786 2514 in
803 2442 946 2514 articulis
966 2441 1064 2533 primi
1086 2439 1205 2508 dicun-

159 2624 162 2629 ,
207 2548 278 2611 tur,
302 2534 378 2624 quia
403 2561 445 2608 ex
469 2535 575 2628 seiplis
599 2539 826 2614 nascuntur&
848 2538 865 2610 a
888 2537 979 2608 nullo
1000 2535 1128 2628 poliunt
1150 2534 1205 2603 di-

169 2698 174 2705 ,
207 2631 276 2701 vidi
300 2629 357 2700 nist
373 2630 413 2703 ab
435 2638 567 2707 unitate.
606 2639 740 2707 Deinde
756 2636 879 2728 positus
894 2635 929 2703 in
946 2651 1019 2703 toto
1037 2653 1203 2704 numeros

208 2724 240 2795 id
263 2724 332 2805 est,
355 2729 548 2804 decennario
566 2737 694 2804 medius
710 2731 746 2806 &
761 2731 848 2824 quast
865 2748 1015 2802 centrum
1034 2725 1203 2820 distinguit

207 2821 330 2892 solidos
355 2827 503 2908 trientes,
529 2830 628 2921 idque
649 2830 727 2901 facit
754 2846 915 2920 pereunte
935 2826 1045 2905 cubo,
1071 2825 1107 2894 id
1134 2821 1201 2902 est,

207 2922 396 2992 novenario.
410 2925 542 2996 trientes
557 2946 652 2997 vocat
669 2929 765 2999 latera
776 2923 965 3006 novenarii,
978 2945 1050 3013 quae
1061 2939 1201 3015 quatuor

207 3014 327 3088 habent
344 3023 472 3106 puncta.
497 3023 693 3117 AEquipates
709 3029 797 3096 enim
813 3021 927 3094 dividit
942 3041 1069 3114 partes,
1084 3019 1117 3090 id
1134 3016 1202 3095 est,

207 3116 263 3184 tria
287 3119 405 3202 pundla
427 3118 460 3188 in
482 3137 591 3190 ternos
616 3145 798 3202 numeros,
828 3121 864 3195 ὅ(
891 3119 980 3190 idem
1008 3115 1203 3208 omphalos,

187 3213 237 3293 ·jd
256 3211 323 3293 est,
341 3215 515 3292 umbilicus
534 3217 579 3288 est
601 3219 738 3308 triplex,
756 3219 929 3296 medium,
948 3217 981 3284 in
998 3233 1152 3308 quatuor,
1164 3207 1217 3307 &¹

206 3320 237 3389 in
264 3307 341 3389 sex,
372 3311 408 3384 ἃ
433 3315 466 3382 in
487 3315 586 3396 odio,
611 3315 634 3385 st
662 3315 844 3386 secernatur
865 3311 1019 3403 relinquit
1043 3327 1203 3381 numeros

206 3409 379 3507 perfectos.
411 3410 510 3482 Unde
528 3436 684 3484 numerus
705 3409 891 3501 perfectius,
904 3424 943 3479 'ut
960 3407 1003 3477 ait
1018 3407 1039 3488 J
1042 3402 1202 3478 ordonius

206 3515 427 3584 elementorum
446 3508 546 3582 lita.
575 3509 781 3600 triangularis
809 3504 877 3586 est,
904 3503 970 3575 live
997 3503 1115 3574 trinus:
1141 3518 1202 3588 per

208 3612 343 3684 unitates
364 3612 452 3680 enim
478 3612 511 3679 in
534 3608 686 3680 ordinem
707 3603 864 3676 resolutas
884 3598 1039 3693 trianguli
1057 3597 1202 3703 figuram

208 3708 359 3780 imitatur.
387 3703 490 3779 Reate
508 3706 610 3801 igitur
627 3705 643 3773 ’a
661 3700 829 3794 triangulis
847 3693 1022 3767 linearibus
1040 3694 1080 3764 ad
1101 3711 1202 3761 trian-

206 3807 323 3901 gulum
339 3830 530 3878 numerum.
567 3805 663 3875 Tum
687 3820 845 3869 numerus
864 3791 1031 3884 perfectus
1044 3788 1090 3859 ell
1104 3787 1204 3859 sena-

205 3910 289 3987 rius,
308 3907 401 3999 cujus
417 3921 524 3993 partes
540 3901 609 3978 sunt
625 3920 656 3974 1.
670 3920 703 3978 a.
716 3916 753 3990 3·
775 3918 850 3991 qua:
868 3888 963 3966 aaut
977 3885 1095 3965 illecta
1107 3887 1201 3966 senas

202 4003 290 4078 rium
310 4001 495 4098 perficiunt.
568 4090 571 4095 ι
1136 4076 1203 4155 sed
