2859 4709
268 405 340 464 no
475 382 1070 453 Auuornnrounu

268 513 317 582 dis
337 512 396 585 88.
422 531 507 580 anno
535 527 569 599 4.
612 506 750 594 Pompe.
776 502 873 598 Mag.
907 503 1150 600 Oiymp.169.
1180 525 1270 580 annu

268 610 386 699 primo.
413 608 516 681 Orid.
543 606 577 672 in
600 599 681 670 Fass.
709 594 810 689 lib.3.

313 737 349 805 Is
376 735 483 804 decies
499 729 595 819 senos
620 749 817 811 tercentum,
834 727 875 803 θ
899 730 1033 823 quinque
1056 726 1169 804 diebus

363 832 506 909 Iunxit,
527 824 568 899 θ
596 828 723 921 expleto
751 848 891 920 tempora
917 829 1026 920 quinta
1050 825 1112 902 die.

314 929 378 1000 Hic
403 926 479 995 anni
504 919 613 991 modus
634 919 697 1016 ess,
721 925 755 993 in
779 921 908 1016 lustrum
934 923 1076 994 accidere
1105 921 1222 1001 dehet,

362 1021 449 1115 Quae
471 1019 667 1106 consumatur
687 1018 834 1115 partibus
858 1041 923 1087 una
948 1020 1027 1090 dits.

267 1140 309 1212 In
334 1136 502 1210 codicibus
529 1134 707 1205 emendatis
731 1134 873 1229 legitur:

359 1253 476 1330 Iunxit
503 1250 544 1326 (5
573 1242 590 1317 i
613 1248 707 1353 pseno
732 1270 876 1345 tempora
898 1268 1016 1343 quarta
1040 1246 1104 1318 die.

267 1371 304 1445 δι
319 1373 362 1443 ita
377 1369 551 1445 necessario
570 1370 774 1464 legendum:
795 1396 896 1448 annus
921 1370 1008 1441 enim
1033 1367 1157 1441 constat
1181 1372 1263 1466 365.

268 1470 404 1551 diebus,
421 1471 457 1544 δι
483 1468 538 1539 sex
564 1468 675 1547 horis,
697 1468 733 1542 δι
758 1470 821 1539 illac
849 1466 903 1539 sex
928 1467 1019 1538 horae
1043 1486 1158 1561 quarto
1183 1492 1280 1561 quo·..

267 1589 332 1654 que
356 1591 441 1637 anno
468 1566 556 1636 diem
585 1567 753 1658 integrum
779 1567 958 1655 complent.
1000 1564 1052 1634 Ita
1081 1567 1180 1634 docet
1211 1564 1267 1634 di·

265 1659 349 1732 sert'e
376 1664 528 1745 SolinuS,
551 1661 587 1735 ὃ(
612 1659 814 1733 Censorinus
837 1660 876 1732 de
900 1665 951 1734 die
972 1661 1096 1743 natali,
1119 1661 1154 1731 δι
1179 1660 1263 1731 Pliu.

266 1758 320 1830 sib.
335 1781 367 1836 2.
398 1781 467 1853 cap.
477 1761 511 1833 8.
536 1755 578 1827 fic
602 1758 665 1826 ait:
693 1758 810 1830 deinde
827 1758 910 1843 solit
936 1779 1071 1827 meatum
1100 1753 1162 1848 effi
1179 1776 1288 1851 par-·

211 1912 212 1917 ,
266 1858 346 1924 tium
373 1860 498 1949 quidem
523 1875 736 1927 trecentarum
752 1855 946 1950 sexaginta,
958 1851 1020 1939 fed
1045 1874 1082 1922 ut
1112 1852 1267 1941 ohserva-

266 1953 310 2020 tio
346 1954 527 2024 umbrarum
563 1953 633 2044 ejus
661 1950 703 2021 ad
728 1973 821 2021 notas
854 1954 991 2028 redeat,
1027 1951 1144 2043 quinos
1176 1949 1269 2020 annis

265 2047 333 2119 dier
355 2049 479 2144 adjici,
490 2051 646 2141 superque
666 2068 812 2140 quartam
828 2065 950 2140 partem
973 2045 1051 2117 siri.
1091 2045 1202 2135 Quam
1229 2047 1268 2115 ob

266 2145 392 2233 causam
423 2149 532 2242 quinto
559 2166 643 2214 anno
673 2168 754 2214 unus
788 2145 991 2214 intercalaris
1017 2145 1084 2214 dies
1111 2142 1269 2226 additur,

265 2260 302 2308 ut
329 2261 503 2336 temporum
536 2241 620 2309 ratio
651 2235 733 2323 solis
770 2240 881 2310 itineri
916 2259 1084 2335 congruat.
1135 2239 1178 2307 In
1216 2237 1267 2310 his
1268 2302 1284 2347 s

266 2333 350 2405 Plio.
377 2339 506 2419 verbis,
531 2360 604 2427 quae
628 2336 752 2407 mustos
784 2335 995 2415 fefellerunt,
1014 2335 1154 2405 emendo
1181 2358 1266 2423 pro,

266 2433 376 2521 quinto
401 2457 506 2517 anno,
530 2453 642 2528 quarto
664 2420 787 2529 quoque
811 2458 915 2509 anno,
935 2456 977 2503 ex
995 2428 1154 2503 Macrob:
1176 2430 1266 2505 sibu.

267 2530 397 2600 Satura.
428 2550 497 2625 cop.
520 2548 575 2621 14.
610 2530 719 2603 Julius
746 2554 822 2625 ergo
855 2531 981 2617 Caesar,
1008 2527 1138 2620 inquit,
1162 2526 1267 2599 decern

265 2620 332 2696 dies
356 2626 570 2715 observatione
595 2627 697 2698 ueteri
710 2627 810 2715 super
833 2627 971 2719 adjecit,
999 2647 1034 2694 ut
1057 2629 1265 2721 onnum365.

145 2752 148 2759 “
265 2722 355 2797 dict,
386 2724 497 2817 quibus
519 2722 578 2797 Sol
602 2717 714 2813 lustrat
741 2719 1119 2820 zodiacumefficerer,
1138 2720 1201 2806 sed
1228 2744 1270 2805 ne

264 2821 426 2906 quadrans
451 2820 556 2914 denset
568 2862 582 2897 ,
598 2814 712 2913 [satuit
739 2841 774 2889 ιιι
803 2839 916 2913 quarto
946 2842 1067 2915 quoque
1081 2840 1169 2888 anno
1207 2820 1269 2890 Sa-

263 2917 438 3011 cerdotes,
479 2918 535 3010 qui
570 2914 756 2995 curabant,
790 2937 886 2985 unum
915 2915 1142 2986 intercalarent
1174 2915 1269 2988 tim.

263 3007 338 3086 Janr
365 3009 467 3103 igitur
493 3013 580 3085 hunc
606 3011 821 3085 Gordianum
849 3015 977 3083 nodum
1004 3034 1073 3082 non
1099 3005 1267 3107 secantes,

264 3122 299 3172 ut
327 3109 535 3189 Alexander,
562 3105 617 3178 sed
641 3106 736 3197 plane
765 3108 987 3199 explicantes,
1013 3107 1049 3181 &
1072 3109 1274 3195 enodantes,

262 3199 481 3276 dissolvamus.
525 3208 608 3276 Satis
631 3201 754 3275 constat
781 3206 999 3298 stmpiada‘s
1024 3205 1185 3299 quaternis
1210 3228 1268 3273 an-

259 3297 308 3366 nis
335 3298 477 3372 absolvi:
506 3299 559 3373 sed
586 3300 653 3373 ludi
681 3302 856 3398 Olympici
879 3304 997 3394 quinto
1025 3327 1157 3394 quoque
1182 3325 1269 3372 anno

260 3390 411 3479 fiebant,
442 3394 479 3471 &
504 3398 581 3469 inde
610 3394 739 3491 semper
762 3401 796 3469 in
821 3423 984 3472 annorum
1015 3404 1266 3471 enumeratione

261 3487 390 3583 semper
410 3496 628 3590 Orympiades
650 3497 796 3590 quinque
817 3486 984 3568 annorum
1010 3514 1267 3589 computantur;

164 3608 168 3615 ⁸
261 3606 298 3656 ut
322 3586 345 3658 fi
371 3591 475 3670 dicas,
495 3592 578 3664 vixit
600 3591 718 3663 decem
743 3595 986 3688 Olympiades,
1013 3595 1046 3663 id
1071 3591 1143 3671 ess,¹
1165 3616 1269 3664 annos

258 3682 515 3783 quinquaginta:
542 3686 680 3763 lustrum
706 3692 787 3762 item
806 3709 947 3784 quatuor
975 3689 1122 3761 continet
1141 3710 1269 3760 annos:

258 3780 294 3853 sie
321 3781 469 3856 censores
494 3809 553 3881 per
579 3807 720 3877 quatuor
745 3789 849 3860 annos
880 3786 1147 3861 administrabant
1182 3810 1269 3857 cen-

256 3870 382 3977 suram,
408 3879 579 3975 &quinto
605 3886 880 3957 annotationem
905 3885 1109 3960 reddebant,
1136 3882 1173 3957 ὅ(
1193 3904 1270 3954 cen-

254 3968 384 4071 sebatur
406 3977 539 4066 civitas,
556 3979 592 4062 ὃς
608 3985 695 4059 ultro
719 3978 841 4078 tributa
869 3980 1106 4064 solvebantur:
1139 3980 1270 4094 suetum

252 4118 255 4123 ⁴
298 4108 300 4113 ’
1187 4098 1267 4150 siem
