2859 4709
263 416 311 501 92
545 370 921 487 'Desara‘

263 531 328 602 Sed
351 528 480 621 quando
496 523 559 621 hac
576 551 643 595 non
661 524 828 608 successit,
852 553 910 597 eto
932 536 1116 621 praeceptot
1134 521 1256 621 Pob'ta?

263 652 338 698 rum
349 652 357 693 ε
368 625 507 718 &‚qutd
526 624 687 715 optimum
702 621 822 694 efficiat
836 622 1069 713 Poe'tam,ipse
1086 622 1164 693 nihil
1181 618 1255 693 scri·

261 720 365 800 bens,
383 726 522 792 docebo.
560 721 719 810 Proponit
735 740 845 793 autem
869 721 901 790 se
920 721 1082 790 diuorum
1107 720 1200 812 quod
1222 720 1256 788 in

188 822 190 827 ’
263 818 314 890 his
332 817 528 889 canonibus
552 815 760 906 sequentibus
776 815 979 888 continetur:
998 817 1089 910 quod
1104 813 1183 888 cbm
1199 838 1256 888 ex·

263 915 421 1007 plererit,
448 913 537 982 finiet
557 936 670 981 artem.

408 1015 501 1084 Unde
523 1030 675 1100 potentur
701 1026 803 1102 opes:

408 1107 501 1197 Quid
523 1108 588 1174 alut
607 1103 788 1195 formetque
811 1103 967 1177 Possum:

406 1205 500 1292 Qttid
526 1201 658 1281 detaut,
683 1204 760 1292 quid
782 1226 870 1283 non,

409 1292 486 1388 Qud
510 1299 613 1368 virtus
629 1338 645 1370 ‚·
663 1291 723 1389 qud
739 1292 830 1384 strat
853 1320 952 1367 error.

264 1391 352 1464 Hac
377 1394 422 1464 est
451 1392 583 1462 materia
605 1395 822 1464 dicendorum
850 1393 952 1484 usque
976 1391 1016 1461 ad
1040 1389 1141 1462 finem
1168 1386 1258 1463 libri.¹

235 1558 237 1563 .
266 1490 358 1561 Unde
375 1509 530 1584 parentur
549 1508 623 1583 opes
645 1485 781 1582 egregiis
800 1491 897 1558 docet
915 1532 927 1566 ,
953 1487 1127 1578 inquiens:
1160 1491 1258 1562 Scri·

264 1581 581 1678 benditesle’sopere
598 1583 655 1678 cll,
681 1586 722 1658 (θ’
738 1589 951 1681 principium,
967 1585 1007 1659 (θ’
1023 1583 1112 1673 forts.
1151 1581 1257 1675 Quali

266 1681 352 1752 dicat
364 1730 374 1764 ‚
388 1681 453 1752 stne
471 1681 640 1772 sapientia,
660 1682 724 1751 stne
741 1681 962 1773 philosophia,
987 1681 1080 1750 inane
1096 1679 1141 1750 est
1159 1680 1258 1771 quic-

167 1807 169 1811 ’
265 1781 345 1870 quid
370 1777 488 1849 scribis.
517 1780 597 1847 Rern
612 1780 670 1848 tibi
688 1781 867 1852 Socratica.
894 1779 1141 1848 Admonuintus
1158 1777 1256 1869 supe·

265 1875 332 1944 rius
356 1901 396 1947 tx
423 1874 629 1966 Quintiliano
659 1873 805 1944 constare
828 1874 1009 1944 orationem
1033 1897 1076 1944 ex
1104 1870 1261 1949 rebus&

265 1968 385 2043 herbis.
410 1973 452 2041 Et
474 1974 595 2045 Cicero
616 1971 650 2038 in
670 1969 895 2060 partitionibus
908 1972 977 2042 vim
991 1970 1142 2040 Oratoris
1157 1971 1192 2040 itt
1207 1979 1259 2040 η’-

265 2065 324 2140 btts
337 2068 377 2144 (t
392 2070 498 2140 verbis
514 2066 576 2136 esse
593 2067 683 2139 dixit.
707 2066 802 2134 Idem
817 2069 850 2134 in
865 2067 951 2137 calce
968 2066 1097 2136 secundi
1115 2067 1156 2135 de
1164 2066 1260 2137 'Ors-

267 2180 358 2234 tore:
379 2166 489 2239 Verbo
510 2167 621 2259 igitur,
637 2161 741 2250 inquit
754 2160 906 2255 Croffus‚
921 2164 997 2232 mihi
1012 2162 1140 2257 reliquit
1152 2166 1261 2231 Anto·

266 2261 357 2337 nius,
370 2285 436 2329 rem
449 2262 511 2353 ipse
518 2257 656 2357 sumpfit.
682 2259 726 2326 Et
745 2259 850 2329 noller
865 2260 1025 2330 Horatius
1040 2258 1074 2326 in
1098 2257 1260 2349 principio

267 2359 360 2426 artis:
387 2358 448 2427 Coi
464 2356 568 2431 lesio,
591 2355 714 2447 inquit,
737 2375 880 2448 potenter
893 2358 952 2426 erit
968 2377 1028 2425 tes.
1043 2352 1079 2425 ὅ(
1095 2354 1195 2426 infra:
1219 2356 1261 2424 In
1280 2367 1282 2371 '

253 2453 374 2539 ,verbis
398 2454 493 2522 etiam
516 2456 621 2525 renuis
643 2450 810 2545 cautusque
820 2450 979 2538 serendis.
1024 2451 1154 2521 Eodem
1175 2472 1261 2546 ergo

266 2552 364 2638 pauo
388 2548 418 2618 in
441 2548 501 2619 hac
524 2567 612 2639 parte
636 2548 763 2640 inquit:
785 2548 902 2634 Quum
926 2572 969 2618 ex
989 2544 1135 2619 rebus&
1149 2545 1261 2618 verbis

267 2645 391 2724 constet
409 2647 533 2716 oratio:
558 2645 627 2731 Res
640 2644 679 2716 ab
701 2643 767 2732 ipsa
788 2643 990 2736 philosophia
1003 2640 1072 2712 sunt
1088 2645 1260 2731 petendae,

267 2739 337 2814 &¹³
364 2742 527 2814 Socratica
549 2742 721 2811 doblrina:
748 2763 825 2808 nam
844 2738 909 2810 fine
926 2736 1130 2829 philosophia
1153 2738 1264 2809 nullus

266 2835 374 2929 extitit
396 2861 541 2929 unquam
568 2840 694 2908 Po'e‘ta:
728 2836 843 2923 Quam
865 2833 889 2904 st
911 2828 998 2906 redlb
1028 2835 1196 2915 calluerit,
1221 2836 1263 2906 de

267 2933 447 3004 verborum
463 2935 650 3003 inventione
667 2930 793 3024 jubebo
818 2932 910 3003 illum
933 2929 995 3000 else
1019 2929 1191 3022 quietum,
1207 2944 1262 3003 aut

165 3036 168 3043 '
267 3023 378 3099 saltem
402 3052 468 3098 non
490 3028 675 3101 sollicitum.
718 3028 810 3098 Nam
831 3031 888 3120 qui
905 3027 1017 3096 didicit
1042 3027 1120 3117 qttid
1143 3024 1262 3097 debeat

176 3212 178 3216 y
266 3125 400 3218 patriae,
421 3149 487 3218 quo
506 3149 618 3197 amore
640 3143 807 3216 patentes,
821 3134 889 3216 quo
904 3125 1022 3201 amici,
1038 3147 1105 3215 quo
1119 3121 1263 3214 hospites

267 3221 396 3290 amandi
413 3221 471 3298 ,δε
484 3242 597 3292 caetera
620 3245 692 3314 quae
712 3217 827 3308 adjecit
841 3219 1022 3289 Horatius:
1037 3242 1103 3289 non
1118 3219 1262 3290 multum

267 3314 426 3387 laborabit
448 3317 482 3385 in
501 3316 699 3389 inveniendis
714 3317 855 3406 propriis
875 3312 1031 3407 cujusque
1050 3315 1097 3383 rei
1115 3315 1264 3384 nomini·

265 3410 350 3484 bus:
372 3411 487 3484 Verba
504 3437 646 3505 namque
673 3407 767 3482 facise
786 3408 962 3499 lequuntur
986 3434 1056 3479 tem
1081 3408 1265 3501 praevisam.

265 3507 345 3580 Hac
361 3506 524 3601 aliquanto
547 3511 678 3606 longius
698 3506 862 3599 congelli,
887 3527 923 3577 ut
946 3507 1167 3600 intelligamus
1187 3506 1266 3598 quid

266 3605 410 3677 voluerit
430 3602 554 3678 Peritos
572 3606 603 3674 in
619 3622 685 3674 tota
699 3606 806 3695 prima
828 3604 959 3701 Satyrat
979 3602 1035 3692 qui
1056 3600 1265 3692 reprehendit

266 3698 438 3791 scriptores
461 3704 517 3794 qui
541 3699 674 3792 repenti
697 3701 810 3769 Po'e'tae
830 3701 901 3770 sunt
927 3694 1056 3776 effebi,
1079 3700 1135 3788 qui
1158 3720 1264 3790 quum

242 3793 373 3881 ¹'uersus
392 3796 499 3892 inopes
523 3821 649 3877 tetum,
677 3793 839 3889 nugasque
857 3799 988 3867 conotus
1016 3790 1205 3877 effutirent,
1232 3789 1265 3862 se

264 3891 429 3981 perfodi-ns
456 3897 572 3964 Poetas
596 3890 832 3964 existimabant.
870 3892 985 3980 Quare
1010 3888 1131 3976 meritb
1151 3890 1266 3980 incipit

264 3984 497 4085 exclamandot
519 3980 763 4086 oportunus
786 3987 820 4057 in
838 3986 932 4061 rebus
953 3987 1069 4084 istane:
1090 3989 1123 4056 in
1140 3985 1266 4093 rebus,

1207 4102 1264 4159 ¹112
