2859 4709
271 442 345 518 204
487 422 603 496 Pus.
635 425 835 496 Ovrnu
868 396 1061 500 Nason.
1183 445 1186 451 ’

270 548 377 623 Terra
403 548 463 623 tibi
486 554 617 649 fruges,
640 555 744 626 amnis
770 555 829 641 ribi
856 557 998 651 deneget
1025 559 1149 644 undas,

319 651 475 744 Deneget
496 651 623 722 afflatus
646 672 764 722 ventus
788 653 825 726 &
847 675 923 728 auta
950 653 1036 723 suos.

269 745 346 817 Nec
372 745 431 816 tibi
461 750 518 818 Sol
546 747 678 829 clarus,
704 745 824 817 trecht
847 747 908 817 nbi
932 747 1041 821 lucida
1067 746 1226 833 Phoebei

319 842 507 926 Destituant
532 844 648 916 oculos
671 841 772 915 sidera
797 843 880 914 clara
904 859 990 915 tuos.

269 938 347 1011 Nec
376 937 407 1009 se
433 942 626 1021 Vulcanus,
652 964 712 1010 nec
737 938 768 1009 se
793 939 853 1009 tibi
876 940 1020 1030 praebeat
1039 939 1118 1023 a‘e'r,

317 1038 394 1107 Nec
418 1036 478 1108 tibi
505 1041 559 1108 det
585 1037 700 1119 telius,
722 1058 781 1105 nec
804 1035 863 1106 tibi
889 1060 1011 1126 pontus
1034 1034 1109 1106 iter.

266 1132 378 1210 Exul,
406 1130 502 1224 inops
527 1131 634 1213 erres,
661 1134 829 1225 alienaque
856 1131 968 1205 limina
995 1129 1135 1216 lustres,

314 1228 555 1322 Exiguumque
583 1245 673 1320 petas
699 1252 759 1299 ore
783 1249 948 1299 tremente
974 1227 1100 1302 cibum.
1229 1266 1231 1270 ·

263 1321 342 1395 Nec
372 1348 492 1415 corpus
512 1327 675 1418 querulo,
700 1349 763 1395 nec
782 1347 876 1396 mens
897 1343 990 1395 vacet
1014 1347 1103 1419 agra
1129 1326 1270 1412 dolores

314 1419 464 1513 Noxque
492 1424 546 1494 die
573 1424 708 1517 gravior
732 1418 769 1491 sat
792 1421 872 1503 tibi,
893 1425 991 1492 nodie
1011 1424 1092 1493 dies.

262 1511 379 1605 Sisque
408 1517 506 1589 miser
532 1517 681 1610 semper,
710 1540 772 1586 nec
798 1516 839 1588 sas
866 1516 1055 1591 miserabilis
1083 1516 1171 1604 ulli,

314 1612 469 1687 Gaudeat
493 1614 638 1687 adversas
659 1613 802 1685 foemina
825 1615 942 1706 virque
966 1614 1043 1687 tuis.

262 1711 410 1782 Accedat
436 1710 613 1805 lachrymis
637 1713 776 1788 odium,
805 1709 990 1804 dignusque
1017 1711 1162 1801 puteris,

311 1807 385 1896 Qui
411 1807 495 1881 mala
524 1831 600 1881 cum
623 1808 738 1879 tuleris
761 1808 924 1900 plurima,
946 1807 1040 1897 plura
1062 1807 1162 1880 seras.

261 1902 379 1993 Sitque
415 1904 527 1996 (quod
556 1903 603 1975 est
627 1907 756 1997 rarum)
784 1902 880 1974 solito
909 1901 929 1942 *
950 1900 1079 1976 defecta
1103 1905 1221 1979 favore

309 1999 466 2072 Furtunae
492 2001 591 2072 facies
615 1998 772 2071 invidiosa
797 2017 874 2070 tuae.

261 2091 434 2186 Causaque
459 2122 526 2169 non
553 2095 654 2180 desit,
678 2094 760 2166 desit
782 2093 843 2165 tibi
867 2092 963 2187 copia
986 2093 1128 2174 mortis,

309 2191 469 2281 Optatam
497 2193 604 2286 fugiat
628 2194 694 2263 vita
718 2193 982 2264 coadia‘necem.

193 2373 197 2381 ι
257 2282 479 2381 Luctatusque
511 2292 567 2362 diu
594 2287 756 2362 cruciatus
781 2288 913 2380 spiritus
938 2305 1027 2361 artus

306 2382 468 2462 Deserat,
492 2386 529 2460 aa
553 2387 653 2480 longa
677 2402 827 2477 torqueat
855 2383 928 2457 anth
950 2408 1055 2457 mora.
1184 2406 1202 2443 0

256 2479 440 2562 Evenient,
465 2484 555 2553 dedit
581 2483 649 2574 ipse
674 2483 757 2553 mihi
784 2484 888 2554 modo
918 2477 1007 2575 signa
1032 2479 1134 2552 futuri

304 2576 470 2650 Phoebus:
496 2575 575 2653 &a
606 2580 687 2651 laeva
714 2577 834 2650 moesta
858 2579 982 2652 volavit
1006 2577 1085 2653 avis·

256 2671 360 2743 Certe
385 2699 451 2769 ego
479 2701 552 2768 quae
582 2699 694 2747 voveo
723 2673 858 2766 superos
884 2692 1015 2746 motura
1042 2669 1195 2764 putabo,

254 2792 256 2795 ’
305 2767 437 2861 Speque
462 2790 526 2844 tuae
555 2771 696 2849 mortis,
721 2773 883 2861 peffime,
905 2769 1033 2863 semper
1059 2772 1133 2843 asar.

255 2859 365 2935 Finiet
387 2868 441 2938 illa
468 2868 557 2947 dies,
582 2894 656 2961 quae
679 2887 711 2938 te
737 2866 819 2938 mihi
842 2866 1009 2942 subtrahet
1033 2867 1137 2947 olim,
1259 2890 1266 2899 ·

301 2959 408 3031 Finiet
433 2963 487 3033 illa
511 2963 604 3048 dies,
634 2987 707 3060 quae
733 2963 814 3035 mihi
841 2967 930 3037 tarda
955 2965 1056 3035 venit.

251 3050 317 3125 sea
342 3060 430 3148 prius
457 3061 540 3132 hanc
570 3061 715 3133 animam
743 3061 884 3134 nimium
909 3059 972 3137 tibi
993 3058 1076 3150 saepe
1097 3058 1237 3152 petitam

299 3155 419 3226 Aufert
447 3156 498 3229 illa
527 3159 622 3238 dies,
649 3183 723 3250 quae
747 3157 829 3228 mihi
853 3157 921 3230 sera
941 3157 1051 3228 venit:

252 3249 367 3338 Quam
395 3252 491 3325 dolor
520 3252 574 3323 hic
600 3278 748 3348 unquam
769 3252 873 3345 spatio
899 3251 1092 3325 evanescere
1109 3250 1238 3344 -poffit,

296 3345 412 3420 Leniat
442 3367 498 3422 aut
526 3351 643 3421 odium
676 3353 869 3441 tempus&
895 3350 1126 3421 horameum.

248 3441 448 3534 Pugnabunt
475 3446 592 3537 jaculis
621 3447 702 3521 dum
726 3449 897 3530 Thraces,
921 3447 1057 3538 Iapides
1084 3469 1184 3532 arcu,

294 3541 391 3612 Dum
415 3545 546 3634 tepidus
570 3543 735 3638 Ganges,
763 3544 904 3640 frigidus
929 3541 1013 3614 Ister
1038 3544 1110 3615 erit.

247 3630 385 3709 Robora
411 3641 492 3712 dum
519 3658 679 3718 montes,
708 3643 792 3714 dum
821 3639 1072 3731 pabulamollia
1099 3639 1230 3732 campi,

296 3733 392 3806 Dum
416 3737 564 3831 Tyberis
590 3736 730 3828 liquidas
751 3737 888 3808 Tuscus
913 3733 1048 3807 habebit
1073 3759 1193 3826 aquas:

244 3823 335 3899 Bella
363 3854 479 3924 geram
506 3851 638 3915 tecum,
669 3857 731 3905 nec
759 3856 852 3904 mors
880 3831 963 3901 mihi
989 3830 1081 3903 finiet
1106 3833 1192 3910 iras,

287 3923 381 4001 Sara
408 3926 464 4002 sed
486 3930 641 4005 immanis
671 3926 827 4009 manibus
856 3949 946 4003 arma
974 3928 1072 4016 dabo,

1149 4027 1255 4103 Tunc

596 4214 684 4266 ¹¹-aea
761 4209 777 4247 s
