2859 4709
160 436 173 480 ,-
230 381 275 455 18
489 360 919 451 Prn'rnox‘on
964 375 997 447 1.

278 503 310 576 6.
336 502 581 598 Euphemistnos.
607 504 629 572 i.
650 503 738 574 bona
763 503 924 575 ominatio
951 494 1081 592 (inquit
1103 496 1236 569 Demea

228 599 308 670 ttius
337 599 487 686 Phaler.)
514 598 560 670 est
585 599 693 694 figura
720 625 794 690 quae
814 598 942 672 odiosas
966 618 1019 667 res
1035 596 1131 666 bonis
1162 615 1240 664 ver-

229 695 281 765 bis
305 695 393 777 edir,
407 696 555 785 &impia
578 700 693 767 iridem
715 697 822 778 fabia,
839 697 913 789 piis.
950 693 1043 774 Hinc
1064 691 1168 761 multa
1188 690 1239 758 di-

229 806 351 864 duntur
370 793 402 862 in
426 795 623 863 contrariam
649 792 941 889 significationem:
964 809 1002 863 ut
1018 788 1240 877 benedicere,

159 906 162 913 '
231 912 296 983 pro
320 890 521 960 maledicere
554 889 638 982 {ape
667 894 699 959 in
728 890 822 961 sacris
847 887 987 960 litteris:
1016 905 1052 960 ut
1078 905 1112 974 3.
1149 883 1239 976 Reg.

232 1004 300 1082 cop.
314 981 370 1064 21'.
403 987 579 1058 Benedixir
604 987 740 1060 Naboth
767 990 895 1065 Deum,
925 985 967 1059 (ἲ
998 1002 1121 1081 regem.
1162 979 1242 1062 Job·

234 1103 338 1179 cap.1.
365 1081 438 1174 Nifi
455 1079 592 1171 infacie
613 1084 813 1155 benedixerit
832 1083 899 1155 tibi.
926 1082 1011 1152 Ibid.
1030 1100 1135 1175 cap.2·
1173 1076 1212 1152 V
1210 1079 1239 1147 i·

233 1181 324 1255 debic
340 1175 423 1274 qnbd
441 1181 475 1249 in
486 1177 573 1268 facie
585 1178 747 1251 benedicat
762 1178 830 1251 ribi.
856 1179 946 1251 Ibid.
979 1178 1122 1251 Benedic
1141 1174 1240 1256 Deo,

234 1278 277 1353 di
291 1299 422 1346 morere.
457 1275 510 1345 Sic
521 1275 655 1375 sperare
675 1300 734 1364 pro
750 1279 876 1348 timere:
902 1275 944 1347 fic
968 1269 1243 1373 pairinihaco,

235 1373 272 1448 &
294 1373 420 1468 potitus
444 1365 583 1463 bostiumr
602 1374 688 1465 apud
724 1374 878 1445 Plautum
906 1374 938 1443 in
967 1373 1144 1467 Captiva,
1177 1392 1240 1460 pro

236 1470 407 1560 captivum
436 1466 526 1538 elle:
553 1469 641 1540 sacer
666 1493 728 1559 pro
756 1471 961 1550 execrando,
985 1467 1054 1542 bct.
1101 1464 1242 1558 Antiqui

236 1556 446 1656 summopere
475 1563 689 1638 observabant
723 1568 883 1661 auguria,
915 1566 971 1636 sed
1001 1566 1052 1636 illa
1075 1557 1244 1654 pracipub

239 1687 314 1757 quae
336 1662 377 1732 ab
397 1661 576 1733 hominum
593 1687 652 1734 ore
677 1663 876 1755 prodibant,
899 1687 972 1756 qnae
987 1657 1118 1755 proprii
1136 1659 1246 1727 omina

237 1756 463 1834 vocabantur:
498 1757 645 1851 Hispane
671 1759 758 1850 Alfi!
791 1761 969 1832 Tolerlano.
1011 1759 1121 1832 Cicer.
1139 1779 1170 1830 1t
1203 1759 1245 1827 de

238 1859 392 1931 Divinae.
419 1858 536 1950 Neque
549 1856 656 1944 solum
675 1860 822 1928 Deorum
846 1883 940 1929 voces
963 1857 1162 1953 Pythagorei
1186 1851 1245 1922 ob-

228 1955 472 2050 servaverunt,
482 1951 544 2042 sed
565 1954 660 2026 etiarn
684 1953 864 2035 bominum,
884 1978 954 2049 quae
975 1973 1093 2026 vocant
1116 1952 1244 2020 omino:

241 2076 313 2151 qnae
337 2053 475 2145 majores
489 2049 680 2147 nostri'quio
702 2051 812 2122 valere
834 2050 1017 2137 censebam,
1040 2050 1160 2120 idcirco
1178 2046 1247 2116 orn'·

239 2149 334 2243 nibur
357 2148 453 2219 rebus
478 2146 613 2242 agendis
637 2165 764 2232 Quor)
783 2163 972 2229 nonunt,
990 2161 1249 2220 eruerunt,

240 2248 380 2318 fenix,
406 2258 854 2328 nonnunrnuntoun
878 2259 1020 2316 esser
1049 2239 1245 2338 praefobnn-

241 2344 337 2419 turi*¹
350 2340 517 2433 Rebusque
543 2343 685 2423 divinis,
709 2366 781 2437 quoe
796 2337 921 2435 publici
936 2341 1075 2432 fierent,
1104 2360 1139 2410 ut
1165 2355 1248 2408 FA-

242 2438 443 2510 vEn'an‘r
469 2442 671 2512 Mnevis
694 2440 922 2537 imperabatur,
935 2440 1009 2515 &a
1044 2438 1169 2508 Favere
1188 2459 1249 2506 au-

242 2556 310 2608 tem
337 2535 458 2629 linguis
475 2556 543 2610 non
569 2535 718 2630 intelligo
745 2538 833 2608 idem
859 2533 922 2608 elle
943 2536 1035 2627 quod
1058 2553 1188 2613 tacere,
1208 2548 1249 2606 ut

176 2694 179 2701 .
243 2632 341 2703 multi
358 2630 581 2715 arbitrantur,
607 2629 662 2703 sed
684 2632 771 2706 bona
795 2630 895 2705 verba
920 2633 1051 2704 dicere:
1073 2654 1149 2700 nam
1175 2652 1250 2701 cre·

243 2728 365 2802 debant
387 2727 493 2800 vitiari
519 2728 636 2809 lacre,
664 2727 688 2801 sl
714 2731 794 2820 quis„
811 2731 911 2806 dura,
937 2729 1044 2808 mala,
1070 2726 1126 2799 vel
1154 2725 1251 2797 orni·

244 2825 322 2897 nola
346 2822 448 2898 verba
473 2824 677 2916 loqueretur.
711 2826 852 2898 Tibull-
866 2826 921 2896 lib.
932 2847 967 2901 2·
988 2828 1068 2920 eleg·
1080 2846 1113 2899 22
1144 2825 1252 2894 Dico-

233 2948 315 2994 ·rnns
338 2922 421 2993 bona
445 2922 543 2993 verbo.
568 2922 684 3013 (venit
711 2924 859 3015 natalis)
877 2925 1058 2995 'orl-aras:
1094 2918 1252 3016 Quisquis

246 3022 325 3092 ades
347 3019 460 3113 lingna
482 3021 536 3091 vir
560 3021 735 3114 mulierque
749 3018 839 3111 fave.
866 3018 970 3091 Ouid.
981 3041 1010 3095 1.
1049 3014 1133 3110 fast.
1160 3018 1250 3089 Pro-

237 3115 340 3209 fpero
363 3115 420 3185 lux
447 3116 568 3208 oritur,
591 3115 768 3214 linguisque
795 3114 966 3209 animisque
982 3114 1122 3206 fovere:
1148 3115 1254 3186 Nunc

246 3208 385 3284 dicendo
409 3211 583 3300 bonosum
609 3213 691 3283 bono
713 3213 813 3285 verba
839 3212 900 3286 die.
940 3212 1061 3285 Horat.
1077 3230 1109 3302 3.
1139 3210 1251 3284 Corma

246 3305 343 3381 Male*
361 3308 510 3378 aminneis
530 3311 653 3401 parcite
668 3306 785 3382 verbis.
813 3311 879 3382 Sed
895 3310 1058 3404 exemplis
1076 3329 1245 3401 agamus.-

293 3406 424 3476 Adoreo
448 3402 484 3479 &
509 3405 655 3495 adolesco
676 3405 820 3478 crescere
843 3405 909 3489 eit,
938 3406 994 3478 sed
1015 3409 1050 3478 in
1070 3403 1165 3474 sacris
1193 3388 1275 3493 (ut'

244 3520 338 3574 notat
367 3504 502 3572 Servius
526 3506 567 3572 ad
598 3503 677 3573 illud
707 3503 832 3599 Virgil.
852 3525 886 3596 4.
930 3507 1047 3603 Georg.
1088 3500 1253 3576 Pancbeis

245 3598 427 3678 adolescunt
455 3598 583 3694 ignibus
607 3602 693 3692 orae)
718 3601 894 3673 incendere
928 3599 1164 3677 barcaniare,
1195 3594 1254 3669 sed

244 3719 306 3788 per
329 3693 473 3789 figuram
501 3696 762 3786 euphemisrnon.
817 3699 908 3769 Nam
942 3699 1017 3790 quia
1049 3695 1182 3766 vii-{lima
1214 3691 1256 3768 δί

246 3791 345 3863 altare
373 3790 548 3872 verbenis,
566 3813 671 3877 ture,
696 3798 798 3873 vino,
824 3794 860 3867 δι
885 3795 969 3866 extis
1001 3790 1187 3866 crescebant
1214 3789 1255 3866 δι

247 3886 473 3979 angebantur,
498 3890 624 3962 dibium
642 3891 689 3965 ell
711 3889 889 3985 adolrfirre
908 3914 972 3986 pto
996 3911 1155 3967 cremare.
1174 3882 1256 3961 vide

246 3982 383 4058 Festum
405 3984 441 4062 bc
460 3985 627 4064 Nonium.

1111 4079 1256 4166 Mariae
