2859 4709
436 385 932 491 luNu'rthIA.
1109 400 1183 518 429

187 543 354 640 §equum
375 541 452 615 esset
476 561 648 636 receptus,
671 546 775 635 coepit
798 568 876 614 cum
899 543 970 635 ejus
992 544 1103 636 pueris
1131 574 1184 619 ca·

187 666 260 735 prat
285 640 432 734 pascerer
460 643 513 713 alii
537 640 632 731 pueri
660 637 679 711 'e
703 641 808 713 fluvio
831 641 1080 731 praehenderunt
1108 643 1185 735 Cy·

187 762 324 835 gnum,
348 735 503 810 &illum
531 735 619 809 velie
650 758 924 828 cooperuerunt:
952 739 1098 828 dumque
1127 735 1186 828 ipfi

187 854 393 930 pugnarent,
427 834 573 926 quisnam
600 835 691 905 illum
715 854 854 924 patrono
886 843 1007 904 monui
1032 831 1187 914 offerret,

187 929 223 1003 &
247 929 345 1001 client
365 929 555 1024 defatigati,
573 936 705 1001 tandem
726 929 845 1002 sublata
870 928 958 1001 velle
981 954 1043 1022 pro
1060 931 1186 1024 Cygno

188 1027 362 1099 mulierem
385 1027 607 1098 invenerunt:
641 1025 676 1101 δι
701 1051 804 1119 quum
829 1026 1009 1121 fugerent,
1037 1026 1187 1096 revocati

189 1124 230 1195 ab
253 1148 293 1209 ea
323 1125 440 1195 moniti
461 1124 552 1206 sunt,
574 1143 614 1195 ¹trt
639 1141 796 1213 patronus
819 1124 1003 1194 Sucronem
1031 1121 1186 1221 diligeret

191 1232 353 1311 puerunt:
387 1221 449 1291 illi·
469 1228 544 1312 qu'ae
573 1221 770 1300 audierunt,
800 1240 939 1311 patrono
975 1219 1187 1293 indicarunt:

192 1332 448 1406 urnc·patronus
472 1319 654 1396 Sucronem
680 1341 741 1408 pro
769 1314 838 1386 lilio
861 1315 965 1389 nimio
993 1317 1105 1388 dilexit
1132 1318 1188 1386 af·

193 1411 299 1493 letto,
313 1413 408 1504 eique
429 1413 530 1485 liliam
550 1411 638 1485 suam
662 1414 782 1483 locavit
802 1437 951 1484 uxorem.
993 1414 1056 1485 Illa
1083 1438 1189 1506 quum

195 1502 360 1601 praegnans
382 1533 427 1591 ex
445 1534 488 1582 eo
510 1510 591 1580 facia
612 1506 710 1586 ellet,
731 1510 812 1579 vidit
832 1511 865 1588 in
891 1507 1012 1582 somnis
1035 1535 1096 1602 per
1116 1512 1189 1585 fau·

196 1614 246 1691 iet
270 1602 339 1677 suas
361 1604 501 1677 introilie
532 1608 656 1677 Solem.
694 1604 807 1677 Infans
839 1605 946 1678 editus
972 1608 1046 1676 ideo
1081 1606 1189 1679 Bran·
1230 1619 1237 1639 ¹

198 1698 273 1773 thur
301 1720 436 1777 vocatus
462 1699 538 1776 est,
568 1700 643 1793 quia
668 1722 771 1773 mater
800 1701 870 1795 ejus
892 1726 951 1793 per
982 1703 1092 1776 fauces
1120 1707 1190 1775 So-

199 1820 256 1875 etn
284 1799 407 1870 viderat
429 1820 561 1877 urerum
586 1796 778 1885 penetralie.
818 1798 888 1870 Hic
912 1821 1019 1888 ‚quum
1045 1800 1191 1873 maxillas

199 1892 358 1985 ‚Apollinis
383 1891 542 1966 osculatus
558 1892 686 1977 fuilset,
711 1893 967 1986 comprehensus
995 1895 1042 1966 eil
1062 1895 1103 1967 ab
1127 1921 1192 1980 eo,

200 1986 228 2075 lt
257 2009 391 2082 accepta
416 2006 563 2071 corona,
591 1992 751 2086 virgaque
787 1991 954 2062 vaticinari
988 1993 1124 2083 coepit.-
1153 1994 1191 2068 tr

201 2082 299 2173 ithito
321 2083 479 2180 nusquam
499 2093 695 2178 comparuit.
721 2088 907 2178 Templum
928 2086 958 2157 ei
978 2090 1107 2160 facium·
1124 2088 1193 2172 eli,

201 2185 285 2275 ruod
313 2182 536 2258 Branchiadon
560 2182 757 2257 nominatur.
797 2187 841 2256 Et
874 2182 1021 2274 Apollini
1049 2184 1191 2258 Philesto

202 2279 309 2365 rariter
334 2279 516 2354 consecrata
538 2280 608 2352 lunt
630 2282 773 2373 templa,
789 2305 864 2372 quae
888 2280 928 2352 ab
951 2278 1063 2355 osculo
1087 2282 1192 2354 Bran-

202 2372 268 2457 thi,
294 2376 360 2448 live
381 2378 765 2467 certaminepuerorutn
787 2376 922 2449 Philesta
949 2399 1192 2472 nuncupantur.

203 2470 290 2544 ldem
314 2474 463 2548 Lutatius
490 2477 530 2547 ad
559 2474 672 2544 librum
687 2495 719 2565 3.
761 2474 873 2556 Statii,
891 2473 1078 2545 Branchum
1096 2473 1192 2550 fuille

203 2573 359 2737 rendam
370 2568 561 2663 Thessalum
580 2566 821 2643 adolescentem
837 2569 938 2648 dicit,
965 2595 1064 2661 quem
1088 2595 1193 2664 quum

232 2667 323 2755 pollo
358 2673 558 2745 adamaret,
585 2667 621 2742 ἃ
655 2667 862 2739 interfectum
895 2668 1036 2761 graviter
1063 2667 1213 2749 ferret,

205 2756 368 2853 'epulchro
394 2765 430 2838 ἃ
453 2765 579 2854 templo
603 2762 814 2839 conlecravit.
864 2764 969 2833 Porro
994 2787 1098 2853 quum
1127 2765 1194 2835 Po·
1222 2761 1224 2765 ’

207 2856 323 2931 irianus
345 2859 505 2952 pallorem
530 2860 715 2933 Branchum
740 2860 910 2954 nominat,
936 2858 1037 2932 allusit
1058 2864 1098 2933 ad
1124 2873 1194 2933 'car-

206 2955 283 3030 uina
316 2957 351 3027 T
355 2958 511 3030 erentiani
542 2957 626 3030 facta
655 2982 698 3029 ex
725 2954 919 3039 Callimachi
955 2956 1109 3053 hymno,
1132 2958 1194 3052 qui

207 3073 263 3122 ton
291 3071 390 3125 extat.
870 3123 872 3127 .
939 3118 943 3131 ..

242 3182 397 3206 —---
412 3151 627 3224 Branchiadae
654 3152 768 3227 Phoebo
795 3145 925 3242 cantuffe
949 3151 1094 3247 Iovique.
1168 3180 1180 3195 ·’

240 3240 408 3337 Pastorem
433 3248 637 3332 Branchum,
661 3274 751 3345 quem
773 3267 883 3341 carnus
905 3268 1013 3316 amore
1031 3249 1154 3344 pudico

244 3340 407 3412 Fotidicns
423 3340 529 3428 sortes
554 3345 663 3426 docuit
689 3350 872 3440 depromere
898 3341 1010 3414 Paeon.
1110 3410 1112 3415 s
1184 3386 1187 3393 ·

210 3435 375 3512 [amblicus
401 3438 435 3508 in
461 3440 608 3513 Oraculo
637 3440 853 3514 Branchidieo
875 3437 1062 3509 haurientes
1085 3462 1195 3530 rapo,

211 3560 267 3629 em
306 3559 349 3608 ert
379 3547 460 3626 aqua
488 3536 657 3608 vaticinari
687 3556 783 3613 autor
812 3535 886 3618 eii,
921 3557 1023 3624 quern
1055 3535 1131 3609 vide
1160 3537 1196 3608 in

211 3632 338 3711 situle:
366 3631 569 3729 inspiratus,
591 3650 660 3705 caet.
884 3680 886 3694 2

244 3728 339 3802 Idem
366 3725 550 3801 Iamblicus
572 3729 606 3799 in
628 3729 684 3800 tit.
707 3732 748 3803 de
770 3724 903 3829 Myssrr.
921 3727 1060 3822 AEgypt.
1100 3727 1197 3803 Huic

211 3828 331 3901 traculo
365 3826 544 3897 foeminam
572 3826 606 3895 in
638 3852 702 3900 axe
739 3828 914 3908 sedentem·
941 3819 1075 3912 praeelle
1106 3827 1196 3900 dicit.

211 3926 312 4019 Quam
336 3920 559 3996 Bochaciacen
584 3924 705 4003 dictam
732 3921 824 4002 suilla
851 3920 1025 3999 arbitratur
1050 3921 1197 3999 Tzetzes
1291 3947 1293 3950 ·

212 4019 431 4118 lycophronis
457 4017 626 4115 interpret.

233 4148 236 4153 -
539 4132 542 4139 ‘
577 4142 583 4168 t
1056 4113 1100 4199 il·
1116 4115 1197 4190 216.
