2859 4709
250 389 321 481 298
458 386 527 457 ΙΝ
575 386 750 458 Αιιιι
799 356 1091 459 ΙίιιιειῑΙ

248 537 304 586 me
320 517 405 589 nulla
427 517 591 590 Labeonis
608 518 712 589 Iliade
729 522 794 591 hoc
812 541 987 614 opertum,
1001 521 1036 595 ὃ(
1055 519 1120 592 hoc
1145 517 1255 593 ridere

175 667 180 679 .
247 632 362 684 meum
388 635 454 686 tam
480 618 569 684 nihili
597 622 751 688 vendere.
801 619 866 689 Sed
889 617 928 690 ab
938 619 1009 688 illis
1034 624 1162 689 tantum
1185 614 1253 711 legi

248 711 369 798 cupio,
397 715 453 805 qui
482 712 612 789 afflati,
639 714 674 786 dt
705 714 846 803 inspirati
871 741 889 784 a
921 716 1100 785 comoediis
1131 738 1252 803 repre-

248 803 395 878 hensoris
423 810 608 889 Cratini,
600 827 718 879 uatum
744 811 963 902 Eupolidem,
987 809 1023 880 ὅ(
1054 808 1137 880 serris
1166 808 1251 879 Ari-

248 900 408 992 sloplraris
443 903 730 994 reprehensionem
768 906 973 998 pallescunt,
1008 905 1091 975 illi
1083 911 1252 996 mquam,

248 1021 347 1068 ettam
375 1003 444 1070 hacc
474 1002 612 1094 legant,
639 1026 714 1072 nam
739 1003 825 1073 forte
855 1003 975 1094 aliquid
1000 1002 1053 1071 hic
1080 1001 1253 1075 decofflu's

249 1099 392 1168 audient.
443 1099 497 1165 Ab
526 1099 624 1167 rllis'
616 1097 716 1192 igitur
734 1100 849 1189 poe‘tis
883 1101 1018 1171 veniens
1042 1078 1149 1168 ledlor
1176 1122 1252 1181 aure

249 1212 405 1281 vaporata
433 1193 563 1264 fervens
589 1218 664 1264 mea
688 1198 791 1290 legat.
818 1217 884 1263 non
909 1196 997 1272 ille,
1019 1194 1074 1286 qui
1105 1194 1252 1287 crepidas

249 1287 522 1379 philosop-houm
550 1293 713 1373 irrident,
739 1290 938 1383 ipsravari,
968 1290 1018 1377 dt
1040 1287 1191 1361 sordidi.
1220 1292 1254 1367 δι

249 1381 309 1452 fibi
337 1388 488 1476 placent,
514 1412 572 1477 qu
561 1412 618 1458 tm
646 1386 698 1457 lus
694 1413 770 1461 um
795 1405 913 1457 vocant
936 1385 1081 1467 luscum,
1103 1386 1139 1458 ἃ
1166 1386 1255 1459 clau·

250 1481 331 1550 dim
357 1484 530 1552 claudum:
559 1484 595 1554 dc
619 1481 686 1553 sese
716 1485 897 1562 extollunt,
924 1484 966 1557 &
987 1482 1255 1575 magnifaciunt,

251 1580 341 1670 quod
372 1581 558 1648 aedilitatem
589 1583 675 1669 apud
706 1584 903 1657 Arretium,
937 1597 991 1651 aut
1018 1577 1165 1653 Ulubras
1193 1605 1255 1675 ge-

233 1695 380 1753 rentes,
407 1678 532 1765 iniquas
560 1676 627 1745 vini
654 1677 819 1750 m‘eusuras
842 1675 942 1747 inflati
966 1676 1150 1767 fregerunt.
1199 1677 1252 1748 Ne

251 1791 308 1840 me
337 1772 422 1865 legat
444 1772 523 1853 ille,
551 1776 607 1864 qui
632 1773 742 1855 vafer,
767 1769 1005 1867 &ingeniosus
1029 1771 1093 1858 (ut
1119 1770 1182 1841 fibi
1208 1775 1254 1845 vi·

251 1869 377 1975 detur)
397 1867 451 1937 lcir
477 1869 583 1938 ridere
608 1871 852 1964 mathematicas
874 1868 1006 1940 lineas
998 1891 1031 1936 ru
1054 1867 1184 1946 abaco,
1204 1870 1255 1941 vel

252 1963 285 2033 in
318 1966 436 2036 tabulis
474 1990 569 2035 arena
604 1969 769 2055 coopertis
793 1967 1018 2060 Qconsrgnatas
1076 1964 1157 2034 Nec
1201 1966 1255 2059 qui

252 2061 384 2153 (quum
411 2062 530 2155 Cynici
553 2061 687 2132 barbam
707 2063 797 2132 vellit
818 2065 966 2134 Nouaria
982 2063 1162 2170 impudens
1184 2086 1256 2132 me·

251 2159 430 2248 terricula)
456 2159 613 2228 cachinno
638 2160 820 2247 rumpitur..
861 2161 957 2231 Huic
982 2158 1105 2228 etenim
1136 2156 1257 2228 librum

252 2277 367 2322 meum
384 2279 449 2322 uon
464 2254 547 2323 dabo
567 2255 768 2347 legendum,
792 2255 844 2326 sed
861 2281 918 2328 eos
935 2279 1029 2328 mane
1050 2257 1090 2322 ad
1110 2255 1255 2340 edibiam

252 2351 399 2438 praetoris
419 2351 580 2420 insortam
594 2351 713 2420 mitto:
731 2351 802 2442 post
820 2378 951 2425 coenam
969 2375 1048 2427 vero
1063 2349 1256 2434 Callirhoen

256 2446 467 2541 lacrymabile
480 2462 610 2539 ‘poema
635 2451 817 2523 revolvant.

444 2640 1152 2759 ΑΝΝοΤΝΤιοΝιιε.’

254 2859 330 2928 pag.
444 2839 492 2905 Ec
503 2835 599 2950 fonte
620 2837 740 2925 labro)
766 2838 886 2933 Satyris
900 2861 1001 2907 nemo
1022 2861 1168 2947 uuquam
1186 2861 1262 2950 pro.-

256 2954 337 3025 273
464 2937 607 3004 oemium
644 2932 806 3024 praemisrt.
857 2937 979 3027 Satyrae
1008 2938 1095 3006 euim
1123 2937 1261 3018 cutione

254 3051 322 3099 non
337 3044 457 3121 egent,
475 3027 529 3099 sed
546 3029 623 3105 sua,
639 3033 672 3098 id
688 3028 752 3111 eli,
770 3029 854 3100 mala
869 3031 986 3123 lingua
995 3048 1161 3101 coutentae
1176 3030 1262 3107 sunt

254 3125 320 3194 Sed
358 3120 483 3194 Persius
513 3127 772 3196 Archilocum
765 3130 908 3195 imitatus
938 3129 1104 3197 virulento
1136 3123 1264 3207 senario

253 3219 404 3293 scazoote
430 3222 462 3287 iu
490 3227 605 3311 politas
642 3224 759 3303 irruit,
796 3222 850 3291 sed
884 3246 944 3311 per
973 3224 1199 3316 allegoriam,
1230 3223 1264 3296 &

254 3320 339 3390 tedle
368 3312 535 3430 primum,
563 3319 633 3411 poll
659 3337 770 3387 autem
799 3342 841 3387 ne
869 3315 963 3408 poflit
995 3344 1060 3388 noo
1095 3318 1236 3388 iutelli‘
1228 3344 1263 3399 r,

253 3433 380 3488 mutato
405 3416 548 3485 carmine
573 3416 698 3522 planius
714 3435 816 3484 totam
840 3414 919 3484 iram
939 3413 1089 3486 effundit.
1131 3341 1265 3485 similes

254 3513 297 3583 ait
323 3513 436 3603 po'e'tas
464 3507 510 3580 sui
535 3512 694 3602 temporis
712 3512 794 3602 picis
814 3511 850 3583 ὅ(
876 3511 1031 3597 psittacis,
1056 3511 1113 3602 qui
1136 3530 1265 3582 tantum

253 3609 355 3679 verba
380 3606 446 3676 stne
480 3605 568 3682 sensu
595 3610 754 3702 garriunt.
805 3606 1018 3680 Philostratus
1055 3609 1163 3680 lib.1.
1190 3624 1263 3719 c.5.

253 3723 359 3775 narrat
376 3703 594 3795 Apollonium
611 3702 805 3776 Thianeum
832 3704 968 3774 noluisse
994 3703 1241 3797 perseverare'
1232 3727 1265 3771 Νι

253 3802 445 3872 addiscenda
471 3800 674 3893 philosophia
693 3825 769 3870 curu
787 3803 931 3894 Eugeno
950 3843 961 3880 ,
979 3802 1087 3896 quia
1075 3801 1184 3873 ventri
1204 3800 1266 3869 de·

255 3898 341 3968 ditus
365 3895 462 3977 ellat,
495 3899 530 3972 dt
558 3900 631 3968 licet
663 3898 836 3987 expeditus
864 3898 976 3992 lingua
1011 3897 1076 3968 siue
1110 3894 1206 3974 seusu
1233 3895 1267 3983 ὃς

252 3993 406 4068 sententia
433 3992 640 4090 diosputaret
665 3994 839 4087 Eugenius
860 3993 1021 4089 (inquit)
1048 4019 1092 4068 ert
1117 3976 1268 4164 Herapltale
