2859 4709
267 433 337 506 288
530 429 996 501 Aun1PuRst'1

266 564 310 633 Et
339 561 415 655 quid
435 562 551 664 agant?
573 568 723 660 rogitas?
741 582 798 649 en',
808 565 982 658 superbam
1001 560 1121 632 advebe
1143 571 1282 656 ponto,-

266 653 468 751 Casloreums
484 655 637 755 stuppas,
662 664 834 736 belenum,
862 662 957 738 thus,
984 659 1109 728 lubrica
1128 662 1214 748 lCoa.

266 752 359 822 Tolle
383 780 493 826 recens
513 760 635 849 primus
655 762 748 854 piper
773 758 790 829 e'
807 756 939 849 fitiente
964 756 1104 830 camelos

265 849 367 922 Verte
391 850 532 943 aliquid,
552 853 649 944 jura:
663 855 728 941 sed
750 855 878 951 Jupiter
901 852 1024 922 audiet:
1054 851 1156 934 eben,

266 943 305 1015 V
303 971 376 1024 are,
398 943 585 1040 regustatum
609 953 712 1045 digito
736 953 895 1022 terebrare
911 947 1072 1035 salinum,
1233 945 1238 954 '

265 1041 439 1112 Contentus
462 1065 620 1137 perages,
637 1044 668 1137 ſs
691 1049 803 1118 uivere
828 1071 897 1116 cum
924 1046 1008 1118 Jove
1034 1039 1151 1111 tendis.

264 1139 338 1210 Jam
358 1140 467 1230 pneris
488 1141 600 1232 pellem
615 1142 812 1228 sueoinblis,
840 1142 881 1216 (ἲ
901 1139 1090 1233 onophoron
1111 1158 1209 1230 uptus

265 1232 376 1328 Osyns
400 1234 442 1303 ab
463 1257 598 1315 enervem,
623 1241 703 1308 nibil
727 1237 847 1331 obsint,
869 1239 943 1330 quin
970 1232 1060 1302 trube
1083 1231 1169 1311 vaila

263 1331 414 1421 AEgaeurn
437 1333 562 1421 rapias:
587 1331 647 1426 nifi
660 1346 662 1352 ‘
663 1336 778 1420 sollers
802 1336 931 1404 luxuria
954 1352 1028 1398 ante

263 1425 434 1494 Sedndlum
457 1448 599 1508 moneat,
624 1454 684 1521 quo
711 1432 844 1510 deinde,
867 1429 973 1516 insane
995 1420 1084 1494 ruis?
1111 1426 1222 1517 quod?

202 1582 210 1593 .
263 1516 355 1609 Quid
380 1523 440 1589 tibi
463 1524 541 1594 visi
565 1524 670 1597 calido
687 1526 751 1613 sub
773 1530 898 1621 pedlore
923 1521 1059 1608 mascula
1084 1518 1158 1592 bilis

262 1615 441 1696 Intumuit,
463 1643 556 1712 quam
577 1646 638 1689 non
664 1619 845 1714 restinxerit
867 1647 948 1692 urna
972 1621 1096 1690 cicutae.

263 1707 347 1781 Tnn'
371 1738 458 1786 taetre
479 1714 656 1806 tranfiliusl
676 1720 734 1788 tibi
758 1741 844 1791 torta
862 1715 1003 1789 cannabe
1017 1709 1110 1799 fulto
1172 1738 1175 1743 ·

263 1807 411 1897 Cenasti
436 1814 469 1880 in
495 1809 655 1897 transtro?
682 1815 953 1908 Veientanumque
976 1810 1130 1879 rubellum

263 1902 401 1976 Exhalet
422 1909 540 2003 vapida
564 1909 666 1993 lafitm
687 1913 758 2004 pise
775 1912 885 2001 seffilis
911 1907 1012 1980 obba?

262 1997 357 2088 Quid
378 2007 479 2100 petis,
502 2026 536 2074 ut
562 2007 701 2083 nummi,
726 2030 800 2098 quos
825 2008 876 2076 bic
903 2011 1075 2099 quincunce
1096 1997 1230 2095 modesto

262 2095 458 2178 Nutrieras,
479 2122 633 2194 peragant
660 2102 771 2172 avidos
784 2102 906 2188 sudare
934 2093 1086 2172 deantes?

263 2194 403 2290 indulge
421 2198 542 2289 genio,
565 2216 730 2289 carpamus
750 2198 874 2274 dulcia,
898 2194 1031 2287 nostrum
1058 2186 1099 2283 est

263 2286 362 2376 Quod
386 2294 490 2369 vivis,
518 2295 630 2371 cinis,
647 2292 687 2366 (7
716 2319 843 2369 manes,
869 2292 909 2367 θ
924 2291 1041 2381 fabula
1057 2286 1130 2375 fies.

264 2384 349 2458 Vive
363 2413 477 2458 mernor
493 2389 569 2458 letbi
577 2387 681 2484 ,fugit
696 2389 798 2460 hora:
811 2390 869 2459 boc
881 2393 966 2482 quod
978 2389 1102 2480 loquors
1115 2382 1189 2451 inde
1199 2375 1247 2472 0ss

263 2485 314 2552 En
334 2487 410 2577 qnid
427 2485 517 2580 ogis?⁴
538 2485 659 2580 duplici
673 2487 707 2554 in
722 2485 879 2572 diuersum
889 2485 1049 2570 scindetis
1065 2479 1168 2547 bomo.

263 2583 454 2662 Hunccine,
467 2600 508 2653 un
531 2584 610 2652 butte
619 2581 783 2674 sequeris?
790 2582 908 2671 subeas
925 2579 1066 2649 alternus
1084 2592 1228 2668 oportet,

261 2679 410 2772 Ancipiti
429 2680 571 2772 obsequio
594 2678 757 2760 dominos,
780 2681 923 2748 alternus
948 2676 1083 2746 oberres.

260 2774 333 2843 Nee
354 2798 389 2843 tu
414 2800 481 2846 cum
507 2771 655 2869 obstiteris
667 2775 791 2859 semel,
812 2772 998 2868 instantique
1020 2765 1157 2862 negatis

262 2869 381 2940 Parere
403 2872 552 2965 imperio,
571 2872 674 2966 rumpi
692 2874 760 2964 jam
782 2872 911 2940 vinctela
935 2871 1030 2939 dicat.
1079 2880 1082 2884 ’

260 2964 348 3036 Nam
372 2967 490 3036 laetata
511 2968 598 3037 uanis
622 2970 739 3037 nodum
759 2969 893 3060 arripit,
915 2964 957 3059 asl
975 2987 1077 3033 tamen
1100 2960 1150 3028 illi

262 3064 341 3133 Cum
358 3062 469 3158 fugit,
494 3059 513 3130 el
539 3065 779 3135 collaetabitur
802 3085 880 3158 pars
899 3064 996 3153 latigo
1022 3080 1152 3130 eatena.

261 3157 382 3238 Dave,
410 3162 472 3231 cito
490 3163 547 3230 boe
572 3166 683 3232 credas
698 3161 818 3252 jubeo,
833 3158 932 3244 finite
950 3161 1076 3228 dolores

261 3255 452 3326 Praeteritos
471 3259 625 3333 meditor,
647 3257 806 3345 (erardum
827 3252 1051 3347 Chaerestratus
1070 3276 1212 3346 unguent

259 3351 432 3422 Abrodens
453 3355 498 3424 ait
523 3355 610 3442 bac)
636 3379 677 3421 nn
696 3350 790 3440 fietis
816 3353 948 3423 dedecus
974 3347 1083 3441 objlem

259 3447 435 3540 cognatis?
457 3474 499 3518 an
526 3475 590 3519 rein
605 3449 745 3543 patriam
767 3473 891 3520 rumore
907 3443 1036 3538 finistro
1084 3442 1089 3448 ’

259 3542 374 3614 Limen
393 3545 436 3616 ad
458 3543 626 3630 obscoenum
636 3542 815 3640 frangam,
835 3547 908 3614 duta
931 3539 1094 3639 Cbrpfidis
1115 3544 1201 3615 udas

259 3641 376 3712 Ebrius
395 3664 468 3713 ante
479 3642 573 3735 fores
593 3639 733 3712 extinbla
757 3667 827 3715 eum
841 3640 919 3729 fase
938 3638 1055 3710 cantol

259 3734 353 3831 Engd
370 3761 469 3832 puer,
483 3743 613 3835 sapias:
642 3738 719 3807 Diis
742 3738 990 3831 depellentibus,
1016 3757 1133 3825 agnam

259 3830 414 3913 Percote,
434 3838 494 3924 sed
514 3836 630 3922 cettsen’
650 3835 808 3927 plorabit,
832 3838 929 3906 Dave
953 3832 1092 3905 relidial

258 3929 429 4025 Nugarisl
449 3925 539 4018 x'ltslea
558 3955 638 4028 puer
664 3929 871 4028 obiurgabere
891 3932 1013 4007 rubra,

230 4100 233 4105 .
256 4033 312 4105 'Ne
336 4027 493 4121 trepidate
512 4032 616 4108 vetis,
644 4048 739 4124 atque
762 4029 867 4104 uttos
886 4031 1000 4101 rodere
1023 4023 1151 4118 roffea·

1146 4128 1247 4198 Nune
