2859 4709
309 440 365 522 na
391 435 506 533 srrru
529 421 691 497 Onera·
731 422 803 496 Lil.
819 398 882 495 11ss
901 423 937 495 C.
953 442 987 495 ι.
1083 441 1148 520 553

204 564 234 614 >s
261 541 301 612 ab
324 540 444 639 Istricis
464 543 560 639 Tyra
581 544 727 636 separat,
745 542 848 638 surgit
872 545 905 611 in
927 542 1066 616 Neuris:
1086 575 1151 641 qua

204 639 247 716 it,
267 637 314 710 sui
328 640 472 710 nominis
493 644 654 730 oppidum
676 642 817 736 attingit.
858 641 903 710 At
923 638 978 708 ille
997 646 1051 730 qui
1070 644 1151 738 Scy.

206 759 233 805 ae
256 737 397 829 populos
420 735 438 808 {a
460 733 665 829 sequentibus
688 740 834 819 dirimit,
864 757 982 829 apertis
1006 741 1040 807 in
1064 740 1153 813 Ger.

207 833 263 904 mia
289 835 459 917 sontibus,
485 834 548 905 aliu
573 861 672 928 quam
697 837 808 908 definit
832 839 967 903 nomine
994 838 1152 909 exoritur.

208 954 248 999 tm
273 948 333 1018 per
359 931 512 1003 immania
538 953 735 1029 magnarum
761 932 912 1026 gentium
942 933 1000 1003 diu
1027 933 1152 1004 Danu·

209 1050 228 1097 is
253 1026 318 1098 eli:
349 1028 481 1098 Deinde
511 1028 603 1101 aliter
629 1031 868 1125 appellantibus
894 1030 1041 1105 accolis,
1066 1029 1151 1102 Ister

210 1172 212 1193 .
243 1122 448 1218 acceptisque
481 1126 606 1220 aliquot
634 1129 811 1211 amnibus,
836 1127 952 1219 ingens
987 1125 1085 1215 iam,
1114 1127 1151 1203 ὃ(

212 1245 272 1292 um
298 1223 406 1316 quiin
431 1221 579 1296 nostrum
598 1249 690 1298 mare
712 1227 887 1302 decidunt,
909 1241 1037 1293 tantum
1069 1223 1152 1294 Nilo

211 1340 284 1402 ror,
307 1322 447 1391 totidem
478 1339 559 1409 quot
590 1321 643 1391 ille
670 1321 788 1402 ostiis,
821 1321 873 1392 sed
906 1319 1012 1390 tribus
1042 1322 1161 1391 tenui·

212 1438 240 1498 l,
272 1415 408 1507 reliquis
436 1415 706 1505 navigabilibus,
737 1419 852 1490 effluit.
897 1416 1039 1511 Ingenia
1077 1417 1152 1489 cul·

212 1535 267 1603 {ue
293 1515 444 1604 gentium
478 1509 640 1587 differunt.
684 1515 863 1588 Essedones
889 1514 1001 1584 funera
1032 1540 1152 1606 pareu-

213 1632 223 1676 1
254 1608 346 1686 lan,
377 1607 414 1680 ἃ
444 1608 611 1694 νίξὶίῐηίε,
639 1635 676 1682 ac
703 1611 788 1684 festo
818 1612 910 1681 coitu
938 1610 1151 1685 familiarium

213 1705 328 1774 ebrant.
372 1705 526 1794 Corpora
549 1705 616 1799 ipsa
643 1708 788 1787 laniata,
810 1707 846 1782 ὃ(
872 1705 957 1777 caesrs
989 1731 1150 1795 pecorum

213 1801 328 1874 eribus
348 1801 489 1874 immista
511 1804 674 1894 epulando
702 1802 914 1877 consumunt.
954 1803 1071 1894 Capita
1092 1805 1151 1877 ubi

213 1896 240 1967 τὲ
271 1899 492 1991 expolivere,
525 1924 608 1973 auro
637 1901 742 1972 cinsla
777 1926 838 1994 pro
866 1900 995 1994 poculis
1020 1920 1166 1994 gerunt.-

213 2018 239 2068 tc
270 1994 342 2068 sunt
375 1999 461 2088 apud
497 2021 556 2069 eus
593 1997 682 2090 ipsos
714 1999 843 2092 pietatis
880 1998 996 2069 ultima
1020 1994 1150 2071 'officia

214 2094 303 2192 atyrsr
332 2116 388 2166 ora
422 2091 572 2186 artusque
598 2095 762 2193 pingunt:
794 2112 830 2166 ut
861 2096 985 2192 quique
1009 2093 1152 2186 majori-

239 2190 411 2284 praestant:
444 2192 486 2262 ita
513 2194 618 2286 magis
647 2196 700 2265 vel
731 2196 853 2264 minus.
898 2193 1071 2266 Caeterum
1093 2190 1151 2261 iis-

215 2317 225 2358 r
252 2312 366 2359 omues
393 2289 502 2367 notis,
531 2289 568 2364 ὃ(
594 2288 636 2359 src
662 2309 699 2362 ut
727 2289 815 2362 ablui
848 2308 1022 2381 nequeant.
1073 2289 1150 2361 Sar-

216 2411 243 2458 ae
268 2386 336 2458 auri
361 2383 397 2461 δ(
421 2389 573 2478 argenti,
605 2390 826 2458 maximarum
855 2389 994 2480 pellium
1021 2386 1150 2480 ignari,
1219 2465 1222 2470 ¹

216 2508 384 2562 ererum,
411 2483 614 2554 commercia
640 2503 807 2556 exercent.
848 2489 960 2576 Atque
988 2481 1034 2552 ob
1065 2483 1150 2557 saeva

216 2582 276 2653 mis
302 2579 485 2652 admodum
513 2577 639 2650 affiduae
667 2580 821 2652 demersis
846 2581 878 2649 in
902 2582 1041 2651 humum
1066 2579 1152 2650 ledi·¹
1216 2570 1218 2589 '

222 2721 234 2759 ,
270 2675 383 2770 specus
415 2696 470 2748 aut
506 2673 633 2748 suffossa
661 2677 835 2754 habitant,
872 2694 982 2749 totum
1008 2676 1150 2748 braccati

216 2772 413 2849 rus:&nis1
440 2797 505 2865 qua
531 2776 662 2856 vident,
687 2778 786 2849 etiam
810 2798 869 2846 ora
890 2773 1004 2844 velliti.
1041 2773 1153 2846 Tauri

217 2872 363 2968 igeniae‚
390 2869 426 2945 &
453 2869 580 2944 Orestis
605 2875 748 2945 adventu
776 2874 921 2945 maxime
948 2871 1149 2942 memoratis

217 2994 303 3041 ranes
327 2967 403 3065 sunt
438 2968 619 3049 moribus,
654 2973 903 3064 immanemque
935 2967 1057 3039 famam
1089 2969 1151 3040 lra-

216 3086 251 3145 t,
278 3066 383 3137 solere
406 3088 468 3156 pro
492 3065 635 3137 vidimis
661 3070 803 3138 advenas
827 3069 964 3138 caedere.
1006 3063 1151 3139 Basilidis

216 3159 400 3242 Hercule,
432 3161 468 3238 ὅ(
503 3162 650 3234 Echidna
686 3166 820 3259 generis
854 3164 1011 3254 principia
1047 3161 1145 3233 sunt:

216 3282 256 3329 ’es
284 3259 391 3353 regii,
411 3283 500 3332 arma
527 3277 652 3330 tantum
681 3262 813 3356 sagittar.
857 3261 948 3356 Vagi
975 3261 1150 3332 Nomades

216 3379 305 3428 arum
328 3356 446 3449 pabula
471 3354 672 3448 sequuntur,
698 3378 796 3453 atque
815 3376 850 3428 ut
874 3359 927 3428 illa
951 3359 1063 3450 pecori
1086 3359 1150 3430 du-

227 3496 239 3534 ,
266 3453 310 3524 ita
328 3455 386 3525 diu
409 3451 523 3526 statam
547 3449 658 3525 sedem
686 3471 800 3550 agunt.
843 3454 971 3527 Colunt
991 3455 1150 3549 Georgi,

216 3570 365 3645 :centque
395 3572 503 3645 agros.
548 3550 685 3623 Axiacae
712 3549 814 3624 furari
846 3553 926 3641 quid
954 3549 1020 3633 lit,
1047 3554 1150 3646 igno·

227 3675 237 3718 t
265 3650 421 3741 ideoque'
440 3671 502 3719 nec
529 3643 583 3719 sua
613 3648 827 3730 cusiodiunt,
854 3672 915 3717 nec
942 3647 1045 3720 aliena
1067 3647 1157 3721 cona¹

216 3765 286 3818 unt.
338 3744 483 3818 Interius
520 3743 739 3819 habitantium
774 3745 855 3817 ritus
898 3741 1071 3839 asperior,
1110 3746 1148 3822 ὃς

216 3842 298 3917 lltior
327 3843 426 3939 regio
457 3838 513 3913 eli.
558 3840 647 3913 Bella
676 3842 848 3936 caedesque
878 3860 1018 3926 amant,
1052 3841 1148 3912 mos-

237 3940 283 4011 est
309 3935 525 4022 bellantibus,
561 3965 714 4012 cruorem
740 3940 834 4036 ejus,
869 3963 972 4035 quem
1000 3937 1149 4032 primum

217 4033 493 4134 remerunt,ips1s
514 4033 533 4112 b
551 4039 746 4139 vulneribus
767 4037 920 4157 ebibere.
950 4036 1012 4160 lis
1024 4031 1204 4224 ᾠὲἓὲὶ
