2859 4709
261 456 333 535 304
463 440 535 512 Iu
585 443 759 514 Annt
811 447 1066 541 Pentri„

258 589 354 638 mens
377 566 489 650 bona,
513 567 549 638 srt
576 566 684 654 sama,
707 568 745 641 fit
763 567 866 642 fides:
893 570 946 643 sed
970 571 1128 654 interius,
1153 564 1191 644 &
1214 584 1266 645 ta·

260 665 323 734 cite
350 661 407 735 sub
433 665 546 760 lingua
577 668 818 750 inmurmurat,
847 665 916 738 ost
942 668 1135 761 praeclarum
1161 666 1278 741 funus⁴

258 760 364 852 patrui
390 761 457 832 mei
482 761 629 840 epuler,
654 765 894 857 degerminet:
924 789 945 835 o
972 762 997 835 st
1026 765 1153 860 argenti
1180 762 1263 839 seria

198 893 206 899 -
259 857 319 928 sub
342 879 456 931 emoto
475 861 575 931 rallro
597 878 729 951 crepet,
755 864 874 933 dextro
889 860 924 936 &
938 860 1069 933 favente
1084 861 1262 945 Hercule,

259 954 295 1024 Ο
318 959 439 1027 utinam
461 957 653 1050 expungam
670 941 715 1027 ex
732 955 926 1028 testamento
949 958 1133 1049 pupillum,
1157 981 1260 1052 quem

258 1052 431 1139 proximus
453 1053 556 1125 haeres
580 1051 790 1146 insequor&
820 1054 977 1145 impello:
1004 1053 1049 1124 ell
1071 1056 1161 1125 enim
1189 1052 1261 1127 sca·

259 1144 386 1231 biosus,
411 1149 446 1222 dt
473 1149 619 1221 atribili
645 1169 759 1223 tumet.
809 1151 922 1225 Video
953 1149 1099 1247 Nerium
1121 1172 1259 1244 tepente

259 1245 395 1316 divitem
420 1243 575 1316 effectum
601 1268 737 1337 propter
761 1245 863 1318 trium
888 1271 1033 1319 uxorum
1060 1247 1171 1320 funus.
1210 1244 1260 1322 -O

258 1338 353 1410 slulte
376 1361 552 1421 votorum,
576 1342 632 1434 qui
656 1362 692 1414 ut
716 1342 788 1412 haec
812 1341 947 1435 poscas,
964 1342 1071 1416 sartdle
1094 1344 1130 1417 ἀ
1148 1344 1203 1434 pie
1224 1346 1259 1417 in

256 1433 395 1527 flumine
418 1437 584 1509 Tiberino
608 1443 733 1534 mergis
754 1464 850 1512 mane
873 1459 970 1534 caput
990 1440 1040 1511 bis
1063 1460 1205 1535 terque,
1222 1442 1259 1518 ἃ

257 1534 392 1604 nostem
415 1533 538 1606 fluviali
559 1562 641 1630 aqua
666 1559 796 1631 purgas.
928 1626 930 1631 Α

307 1630 441 1702 Accede
464 1632 548 1716 huc,
573 1633 660 1704 bone
685 1634 756 1717 vir,
776 1632 811 1706 dt
831 1631 992 1726 responde
1017 1637 1058 1704 ad
1080 1633 1156 1706 haec
1176 1660 1256 1727 pau·

256 1727 352 1807 cula,
374 1730 452 1819 quid
480 1727 575 1801 sentis
601 1733 642 1800 de
665 1726 796 1801 summo
819 1732 927 1813 Jove?
945 1729 1149 1822 praeponisne
1169 1732 1257 1804 hunc

185 1906 187 1910 v
257 1824 355 1896 elicui
379 1823 529 1896 homini?
555 1826 685 1899 cuinam
710 1827 760 1899 vis
782 1806 1000 1920 praeponerel
1038 1827 1103 1900 Vis
1135 1830 1256 1905 Staio?

256 1921 377 1995 videris
393 1923 562 1997 dubitare:
584 1946 625 1994 ne
640 1919 771 2002 dubita,
789 1948 866 1995 nant
886 1925 994 1997 nullus
1012 1923 1114 2016 judex
1141 1926 1253 2017 potior

194 2048 196 2052 ·
255 2038 311 2089 aut
334 2023 440 2110 aptior
462 2020 507 2090 ell
529 2020 668 2090 tutandis
693 2017 803 2109 pueris
837 2019 969 2092 orbatis.
1014 2021 1178 2114 Agedum
1202 2023 1255 2095 dic

257 2117 373 2187 eadem
398 2117 509 2192 Staio,
533 2141 606 2208 quae
631 2116 710 2186 dicis
734 2115 813 2195 Jovi
838 2142 916 2189 curn
940 2117 1011 2209 ejus
1037 2140 1152 2190 aurem
1181 2135 1256 2190 ten-

255 2228 304 2282 tas
324 2212 495 2305 impellere
515 2212 699 2283 exclamare
724 2211 832 2282 licebit
850 2214 938 2286 Proh
956 2215 1104 2306 Jupiter,
1121 2238 1145 2285 o
1163 2213 1256 2289 bone

255 2310 397 2398 Jupiter,
413 2327 444 2381 at
465 2308 530 2402 ipse
549 2309 676 2402 Jupiter
688 2333 756 2378 non
778 2308 916 2393 clamet,
934 2310 1018 2381 sele?
1042 2336 1081 2381 an
1105 2330 1142 2384 tu
1159 2332 1256 2409 putat

254 2430 333 2480 eum
349 2406 407 2477 tibi
423 2404 686 2500 ignoville‚quia
706 2425 893 2478 cumtonat
908 2405 944 2481 &
960 2408 1125 2499 fulgurat,
1142 2410 1256 2500 potius

253 2505 287 2576 in
303 2503 411 2574 ilicem
426 2503 538 2584 servit,
553 2496 722 2575 &sulfure
736 2502 826 2576 sacro
851 2505 978 2576 discutit
1001 2504 1130 2586 ilicem,
1153 2532 1254 2601 quam

146 2598 148 2605 ’
252 2619 286 2673 te
301 2602 508 2694 domumque
528 2618 628 2672 tuam.
656 2603 715 2685 An
731 2624 811 2670 vero
830 2603 906 2692 quia
928 2625 994 2671 non
1014 2599 1151 2692 jaresio
1169 2630 1254 2700 agro

252 2699 289 2775 ὃς
309 2701 342 2767 in
358 2700 437 2772 luris
453 2699 556 2771 faetus
581 2695 671 2767 triste
686 2696 722 2770 ὃς
741 2701 931 2770 evitandum
956 2698 1124 2780 bidental,
1139 2704 1253 2773 admi·

252 2796 404 2867 nillrante
426 2819 553 2889 augure
581 2796 711 2887 Ergena
734 2792 825 2864 fibris
853 2794 969 2866 ovium
998 2793 1033 2867 &
1061 2795 1177 2874 extis,
1201 2800 1255 2871 id·

253 2894 344 2964 circo
370 2892 525 2964 stolidum
549 2893 655 2962 credis
675 2891 823 2971 Jovem,
842 2891 878 2965 δ(
903 2891 989 2962 illius
1015 2891 1150 2962 barbam
1176 2896 1255 2967 vel-

254 2992 322 3060 lere
343 2989 505 3058 malitiose
527 2987 652 3059 tentas?
676 2985 698 3056 st
719 2986 869 3058 hocnon
894 2986 963 3063 est,
979 2988 1057 3078 quid
1081 2988 1163 3060 illud
1188 2990 1254 3075 ell,

254 3110 317 3177 qua
344 3103 380 3157 tu
406 3087 588 3161 mercede,
613 3108 680 3176 quo
707 3085 866 3175 pulmone
890 3085 926 3159 &
950 3083 1089 3158 lac'tilius
1115 3087 1253 3184 pingui·

251 3182 314 3255 bus
338 3183 458 3256 emeris
484 3183 623 3254 deorum
648 3178 831 3252 auriculas?
1171 3192 1173 3201 '

298 3280 389 3353 Ecce
417 3296 528 3350 autem
552 3277 676 3347 exalia
699 3293 790 3367 parte
817 3275 905 3349 venit
929 3274 1023 3359 avia,
1050 3276 1105 3349 vel
1131 3299 1252 3354 mater·

251 3394 319 3450 tera
346 3375 499 3470 religiosa
517 3375 554 3451 dc
577 3374 669 3445 cunis
695 3375 812 3446 eximit
837 3373 1053 3469 infantulum,
1078 3399 1260 3471 quumque

248 3477 339 3567 prius
355 3472 501 3544 frontem
524 3488 621 3562 atque
644 3469 780 3541 humida
795 3468 908 3543 labella
924 3471 1039 3542 infami
1060 3473 1170 3568 digito
1193 3497 1249 3546 ex·

248 3570 343 3662 piarit
373 3569 410 3643 &
442 3568 624 3641 lullralibus
656 3567 762 3640 salivis
796 3566 990 3646 imbuerit,
1022 3568 1252 3666 fascinumque

247 3666 511 3740 averruncaverit
536 3661 609 3754 (est
635 3662 723 3734 enim
747 3664 849 3756 perita
866 3682 999 3737 urentes
1016 3667 1134 3740 oculos
1163 3688 1253 3741 aver-

245 3767 339 3856 tere)
369 3756 520 3835 titanibus
553 3761 656 3855 quatit
682 3760 863 3844 infantem,
893 3763 930 3837 dc
966 3786 1066 3854 prece
1102 3763 1251 3858 supplice

243 3859 312 3949 spei
340 3862 447 3931 tenuis
479 3882 620 3949 puerum
648 3880 735 3931 nunc
766 3858 867 3930 mittit
897 3858 932 3928 in
958 3883 1094 3952 campos
1120 3858 1251 3942 Licini,

242 3979 330 4027 nunc
356 3954 387 4023 in
406 3953 510 4026 Craffi
524 3957 611 4027 aedes
638 3953 774 4028 intrudit
790 3955 928 4028 innuens
944 3956 1095 4027 videlicet
1117 3955 1163 4028 stc
1179 3956 1249 4029 illo·

239 4075 314 4127 rum
339 4051 490 4145 accipere
515 4048 769 4146 possessionem,
795 4051 929 4126 interim
958 4051 1029 4128 haec
1049 4051 1149 4125 tacite
1174 4052 1248 4126 sub·

271 4180 275 4185 ¹
1088 4172 1246 4222 murmu-
