2859 4709
266 399 338 498 558
466 396 1075 507 PomaorrrrManna

266 524 286 598 Ξι
313 527 437 599 Xerxe
460 528 494 599 in
521 529 646 606 Graios
680 531 834 600 tendente
862 526 1052 619 perfolius',
1082 527 1259 605 transnavi⁴
1293 516 1295 541 '

265 622 460 718 gelusque,
490 625 525 700 ὅ(
551 626 655 698 fedius
674 624 777 697 sfreto
802 625 981 718 navigabili
1010 626 1159 719 pervius.
1196 628 1261 702 lma
1289 652 1295 719 t

145 770 149 776 -
267 720 340 812 ejus
366 738 477 791 tenent
503 746 613 815 parvae
642 723 860 818 Pelasgorum
882 723 1037 794 coloniae.
1073 725 1117 794 ln
1141 722 1295 811 summol

267 817 331 888 fuit
356 818 518 909 oppidum
546 820 762 902 Acroathon,
786 821 911 912 inquo
937 820 995 911 (ut
1016 821 1146 914 ferunt)
1172 824 1264 894 dimi·
1294 818 1295 841 ³

192 941 196 947 ·
267 914 327 983 dio
357 914 514 1009 longior,
540 942 640 1010 quam
669 921 703 988 in
729 917 800 991 aliis
828 916 922 988 terris
949 936 1028 989 aetas
1053 916 1265 992 habitantium

267 1029 350 1080 erat.
389 1012 520 1083 Pallene
544 1013 683 1087 solutam
706 1015 872 1106 patentis,
891 1033 938 1085 -ut
959 1016 1105 1107 quinque
1130 1015 1265 1089 urbium

268 1104 362 1177 sedes
399 1105 436 1176 stt
472 1128 569 1200 atque
603 1134 706 1204 ager,
743 1128 812 1181 tota
851 1111 886 1178 in
922 1110 1028 1180 altum
1065 1110 1167 1192 abit,
1203 1137 1264 1186 an-

266 1202 364 1296 gulla
396 1201 467 1275 latis
498 1209 587 1279 unde
622 1209 745 1306 incipit.
789 1204 841 1276 lbi
870 1205 918 1276 eii
947 1209 1107 1280 Potidaea.
1150 1211 1196 1280 At
1222 1209 1264 1281 ibi

267 1300 372 1370 laxius
392 1317 504 1387 patet,
531 1302 683 1387 Mende,
709 1301 897 1396 Scioneque
919 1303 1130 1377 referendae
1150 1307 1201 1378 illa
1226 1307 1263 1378 ab

267 1388 434 1558 Etletriim
466 1395 539 1470 haec
571 1399 612 1473 ab
650 1400 788 1474 Achivis
816 1420 915 1492 capto
948 1400 1018 1476 llio
1047 1401 1286 1498 remeantibru

213 1556 227 1572 ,
262 1510 309 1588 po
325 1508 377 1564 na.
1286 1534 1292 1601 p

533 1615 833 1716 CAPUT
889 1617 996 1704 111.

496 1785 1039 1869 Mncnnourn
1284 1888 1287 1899 Ι

362 1982 412 2051 Ot
440 1979 669 2053 Macedonum
694 1979 844 2072 populi,
867 1997 950 2076 quot
973 1977 1081 2055 urbes
1106 1980 1253 2064 habitant,
1272 1948 1288 2011 ·⁵

267 2157 274 2165 ‚
378 2102 520 2169 quarum
545 2079 670 2151 Pellam
694 2075 839 2148 maxime
863 2077 1019 2150 illullrem
1043 2079 1168 2157 alumni
1193 2077 1254 2150 eiii⁴

265 2173 379 2258 ciunt,
405 2173 575 2267 Philippus
593 2174 736 2255 Graecia
763 2172 928 2258 domitor,
956 2174 1150 2250 Alexander
1168 2177 1255 2246 etiam

264 2266 364 2340 Aliae.
398 2272 439 2341 In
461 2271 571 2343 littore
593 2266 699 2342 flexus
716 2270 977 2366 Mecybernaus
1001 2273 1091 2345 inter
1109 2296 1255 2367 promen

261 2368 348 2439 toria
377 2368 502 2439 Derrin
526 2366 562 2441 ὅ(
590 2363 826 2445 Οεηείὶτευπι,
851 2367 1048 2459 &portum
1073 2371 1133 2462 qui
1153 2372 1256 2461 Copor

265 2463 404 2534 dicitur:
431 2462 529 2537 urbes
552 2461 1001 2559 Toronen1&'Physcellam
1014 2511 1029 2547 ‚
1061 2486 1163 2561 atque
1181 2470 1256 2538 unde

264 2555 327 2650 ipsi
358 2584 485 2632 nomen
511 2558 584 2641 est,
613 2561 857 2656 Mecybernam
883 2563 1034 2658 incingit.
1088 2564 1283 2638 Canallteo'

262 2661 501 2750 promontorio
518 2658 637 2730 Scione
655 2659 806 2749 proxima
827 2658 883 2729 ell.
924 2659 1190 2756 Mecybernaeus
1209 2687 1259 2735 au·

264 2772 336 2825 tem
362 2757 393 2827 in
418 2757 529 2828 medio
559 2779 621 2849 qua
644 2771 729 2836 terra
757 2756 811 2827 dat
839 2761 1039 2850 gremium,
1073 2763 1210 2831 modice
1233 2759 1260 2828 in

263 2852 376 2924 littora
397 2854 591 2950 ingreditur.
627 2850 796 2924 Caeterum
811 2852 921 2948 longis
941 2855 975 2925 in
995 2856 1097 2927 altum
1117 2853 1263 2938 immillis

263 2947 447 3031 lateribus,
467 2953 588 3046 ingens,
608 2948 684 3019 hinc
705 2950 905 3022 Termaicus
925 2950 1010 3024 linus
1026 2951 1078 3023 eii.
1112 2952 1263 3024 Inpeum

263 3047 377 3119 Axius
403 3072 462 3139 per
480 3049 709 3124 Macedonas,
727 3047 763 3120 ὃ(
781 3047 846 3137 jam
868 3073 926 3137 per
942 3044 1108 3120 Thellalos
1130 3049 1262 3120 Peneus

263 3146 436 3218 excurrit.v
456 3145 545 3215 Ante
561 3145 687 3216 Axium
706 3142 936 3217 Theffalonice
952 3144 1011 3217 est:
1030 3144 1115 3218 inter
1130 3165 1262 3217 utrum·

265 3264 333 3330 que
358 3241 567 3322 Cailandria,
597 3243 739 3338 Cydne,
767 3243 914 3323 Aloros,
942 3243 1074 3313 Ichne:
1104 3238 1123 3310 a
1156 3245 1260 3315 Peneo

263 3337 402 3431 Sepias,
433 3337 631 3435 Gordynia,
660 3339 857 3421 Meliboea,
890 3338 1075 3420 Castanea,
1092 3363 1205 3430 pares
1226 3340 1258 3411 ad
1285 3334 1291 3353 '

221 3494 222 3499 ,
264 3433 416 3517 famam,
444 3436 502 3508 nili
531 3440 622 3528 quod
649 3436 850 3508 Philodletes
876 3437 1027 3508 alumnus
1057 3436 1256 3511 Meliboeam

212 3604 223 3613 ,
262 3533 435 3608 illuminat.
477 3537 594 3608 Terrae
622 3532 795 3606 interiores
821 3533 911 3604 claris
935 3533 1091 3607 locorum
1118 3535 1258 3607 nomini·

261 3628 325 3704 bus
345 3631 509 3728 insignes,
534 3619 620 3724 pene
643 3630 725 3702 nihil
746 3630 892 3726 ignobile
916 3629 1040 3702 ferunt.
1078 3633 1180 3704 Hinc
1202 3652 1256 3702 nou

262 3732 366 3827 longe
389 3722 435 3804 eil
460 3733 648 3826 OlympuS,
673 3729 726 3800 hic
756 3731 892 3807 Pelion,
916 3726 970 3797 hic
1000 3728 1108 3809 ossa,
1138 3748 1258 3800 montes

263 3831 439 3925 gigantum
464 3828 572 3900 fabula
601 3826 757 3920 belloque
783 3825 983 3897 memorati:
1012 3826 1068 3899 hie
1096 3827 1260 3900 musamm

258 3952 382 4023 parens
414 3924 597 4018 domuique
632 3925 770 3995 Pieria:
804 3923 858 3994 hic
892 3922 1068 3995 nOvlffime
1104 3926 1262 4000 calcatum

247 4030 374 4123 ‘Graio
399 4025 553 4110 Herculi
572 4019 812 4104 inluminans
827 4020 977 4123 (ienensi
1001 4021 1054 4093 luc
1082 4023 1177 4097 sacro
1200 4044 1263 4087 ne.

274 4142 278 4148 ⁴
1178 4138 1271 4184 mate
