2859 4709
202 1308 214 1341 l

447 476 522 547 Iu
575 450 1045 575 AuL1Panslrr

157 680 286 807 ſs...
330 800 351 807 ..
403 660 829 765 RANCISCl
880 645 1247 760 SANCTII

529 821 985 931 Bnocausrsa'

244 1069 296 1141 Iu
330 1067 423 1138 Sex
459 1065 690 1137 sirenas
727 1064 896 1132 Pensm
928 1063 1246 1133 Ecannasas,

388 1185 1104 1285 Sononra&rlnuora¹r1oues.

359 1373 433 1443 IN
471 1373 809 1445 SATYRAM
845 1372 1189 1468 PRIMAM„

331 1537 413 1613 Go,
442 1536 497 1628 qui
527 1559 635 1626 neque
663 1538 763 1627 pn‘e'ra
790 1535 896 1618 lum,
926 1557 987 1603 nec
1021 1537 1133 1624 polire
1165 1532 1246 1606 filius

354 1632 448 1720 (nnn
472 1634 560 1700 enirn
586 1630 683 1701 labiae
704 1633 736 1702 in
760 1633 905 1725 Pegaseo·
928 1629 1019 1700 fonte
1040 1631 1173 1722 prolui,
1192 1653 1245 1700 nec

245 1732 280 1801 in
309 1725 458 1799 Parnallo
481 1727 608 1827 bicipiti
631 1725 811 1809 somniavi,
836 1747 872 1800 ut
898 1724 1084 1807 solemni,
1111 1729 1170 1819 qui
1196 1751 1246 1798 re·

247 1844 347 1918 pente
368 1827 477 1914 poelae
496 1823 696 1918 prosiliunt)
713 1822 828 1895 Musas
844 1848 910 1895 non
927 1824 1069 1894 invoco:
1088 1821 1144 1893 sed
1166 1819 1245 1915 quali

246 1918 505 2014 semipagano,
532 1921 568 1992 ἃ
596 1938 706 1991 tamen
738 1923 847 2010 politis
874 1920 1020 1992 audinus
1056 1920 1097 1989 ad
1133 1942 1246 1991 eorum

248 2017 383 2090 sacraria
409 2042 463 2087 me
492 2015 687 2099 conferens,
715 2016 777 2087 illis
806 2017 877 2089 haec
905 2018 1143 2109 qualiacunque
1165 2019 1247 2109 poli·

248 2134 336 2186 mara
363 2113 541 2192 consecro,
565 2113 753 2204 relinquens
778 2114 909 2184 interim
930 2112 1170 2184 Heliconiadas
1201 2111 1246 2182 so-

249 2235 363 2285 rores,
380 2211 574 2302 fontemque
600 2210 740 2280 Pirenen
757 2208 818 2280 illis
838 2211 894 2302 qui
913 2210 1001 2281 foliis
1020 2208 1154 2281 hederae
1171 2209 1246 2278 lam·

249 2304 404 2377 benubus
425 2307 568 2375 frontem
588 2301 667 2376 liant
691 2305 722 2374 in
742 2307 887 2376 Palatino
915 2307 1071 2397 Apolline
1092 2303 1246 2378 coronati.

236 2406 355 2483 'Nom
377 2404 538 2493 inquam,
565 2405 660 2492 poeta
689 2399 783 2471 lom:
813 2401 867 2472 sed
895 2421 1005 2472 tamen
1036 2401 1076 2472 ab
1103 2403 1165 2483 iis,
1195 2398 1265 2495 qui.

251 2500 348 2585 heri,
376 2502 429 2571 vel
452 2498 571 2569 nudius
598 2497 710 2568 tertius
738 2515 873 2590 repente
902 2497 1126 2591 pullularunt,
1156 2523 1245 2593 qua·

252 2594 383 2678 stetim,
401 2595 472 2686 quis
498 2594 651 2683 expedite
676 2594 766 2688 loqui
793 2595 989 2684 plinacum,
1006 2612 1066 2676 aut
1097 2597 1172 2686 quis
1196 2592 1248 2688 pi·

252 2716 306 2762 cas
331 2691 437 2762 nostra
465 2690 565 2762 verba
588 2690 698 2761 conari
722 2691 872 2761 docuerit
889 2689 917 2767 3,
933 2691 1089 2761 nimirum
1113 2709 1247 2771 venter,

252 2788 311 2877 qui
337 2788 371 2857 cl<
403 2789 575 2882 ingenium
598 2787 708 2879 largiri
740 2788 843 2862 mirus
873 2784 1250 2881 artifex,&1nagiller

251 2906 386 2977 negatas
417 2909 519 2955 voces
546 2884 800 2976 apprehendere.
844 2886 923 2955 Imo
950 2906 1033 2955 vero
1057 2881 1081 2952 li
1104 2887 1147 2954 ad
1168 2886 1250 2954 hane

252 2982 372 3049 edendi
395 2979 611 3050 neceffiratem
635 2984 790 3062 accedat,
815 2979 851 3054 ὃς
875 2980 1038 3074 refulgeat
1059 2980 1166 3075 aliqua
1192 2979 1252 3051 fal·

253 3077 330 3146 laci's
354 3081 502 3164 pecuniae
518 3075 605 3168 spes,
623 3099 691 3169 non
715 3076 820 3150 solum
837 3076 992 3170 loquetur
1009 3077 1105 3167 pica,
1118 3078 1157 3149 uc
1170 3101 1248 3149 cor-

251 3197 315 3244 vus
342 3169 480 3256 dilecte,
504 3171 559 3241 sed
582 3172 618 3248 oc
643 3177 733 3244 corvi
764 3176 890 3264 poe‘tae:
917 3175 953 3248 &
982 3176 1066 3264 picae
1093 3176 1252 3263 poetriae,

251 3268 451 3364 Pegaseium
474 3270 580 3339 melos
601 3267 808 3344 resonabunt.
850 3271 1009 3362 Sedquid
1031 3269 1064 3337 in
1081 3267 1133 3342 his
1151 3289 1252 3344 trans·

253 3363 429 3444 lotionibus
455 3364 646 3436 demoror?
677 3391 735 3439 cut
762 3390 829 3436 non
854 3369 962 3459 palam
985 3367 1019 3434 in
1044 3389 1160 3440 mores
1191 3395 1251 3442 no-

252 3460 333 3532 llros
359 3458 510 3552 despu0·l
549 3464 586 3533 O
607 3486 699 3535 curas
723 3461 911 3536 nostrorum
928 3460 1130 3555 hominum!
1157 3467 1251 3540 Itane

253 3583 371 3639 ornnes
397 3558 430 3626 in
457 3555 564 3629 verbis
591 3557 663 3630 sunt
699 3560 878 3653 occupati,
904 3579 942 3634 ut
967 3582 1099 3640 rerum,
1115 3562 1155 3638 ἃ
1175 3562 1250 3636 sen·
1279 3596 1282 3601 ¹

251 3660 426 3726 rentiarum
451 3653 509 3724 lint
539 3655 667 3736 inanes,
698 3655 735 3728 δι
765 3658 889 3745 vacui3
918 3657 973 3727 sed
998 3657 1085 3726 dicet
1110 3659 1250 3754 aliquis:

196 3824 204 3831 ῃ
252 3756 341 3840 Qun
358 3753 445 3843 leger
463 3750 554 3822 haecl
577 3754 683 3824 Mene
698 3756 818 3846 rogasl
839 3756 910 3826 aio:
936 3755 1051 3825 Nemo
1066 3748 1159 3852 leget
1177 3758 1251 3852 opi.

252 3874 334 3929 'eom
372 3848 483 3917 hercle
517 3871 637 3919 nemo:
675 3850 730 3919 vel
759 3852 853 3921 duo:
881 3851 934 3922 vel
962 3872 1076 3924 nemu.
1119 3854 1156 3924 O
1182 3878 1252 3926 rem

251 3967 412 4034 turpem,
439 3944 474 4016 uc
500 3943 739 4041 milerabilem!
783 3947 898 4036 Quare
922 3969 1064 4028 vereor,
1091 3971 1133 4019 ne
1158 3952 1253 4043 prin·

252 4064 352 4135 ceps,
368 4038 405 4123 lle
429 4039 574 4135 Rotnani
598 4064 754 4137 proceres
780 4043 925 4120 Accium
948 4038 1145 4121 Labeonem
1171 4045 1263 4117 mihi

1156 4162 1249 4219 ante·
