2859 4709
357 409 361 423 '
477 418 862 493 Nouatum.
951 416 1005 495 J
1093 438 1165 513 345

238 544 416 641 Excipiunt
433 547 556 642 gemini
578 550 693 639 procul
711 546 790 626 hos,
804 539 958 640 longique
968 541 1146 639 sequuntur

238 640 308 734 Qui
325 644 450 737 septem
473 643 622 713 Cadmaea
643 661 757 716 vocent
783 640 825 710 ad
845 642 960 710 incenia
986 666 1088 735 reges.

171 739 340 830 355Hunc
363 739 495 818 Pituita
519 740 652 820 Claros,
674 743 802 813 Cumaea
821 740 978 831 Neapolis
999 740 1090 807 illum

236 834 402 915 Protulit,
423 836 476 906 liic
499 834 603 929 elegis
626 840 721 907 etiam
747 855 804 903 tua
818 832 958 923 funera,
986 836 1096 930 Lyde,

232 930 303 999 flet
322 932 421 1025 pius,
445 932 548 1004 herois
576 932 632 1002 ille
657 936 766 1003 attdox
787 927 930 1021 verfidus
953 926 1042 1022 effert

232 1028 483 1119 Magnanimum
500 1052 617 1121 quoque
631 1030 798 1107 Pelidem,
815 1028 865 1097 hic
878 1026 1012 1119 denique
1025 1028 1135 1121 magni

232 1119 338 1211 Instar
360 1122 454 1195 hader
473 1127 581 1217 populi
599 1125 788 1221 pendentem
805 1123 849 1194 ad
867 1125 965 1192 verda
980 1123 1160 1197 Platonem,

171 1218 301 1305 tooure
322 1211 418 1289 etiam
432 1216 526 1311 ftlvis
550 1241 678 1315 partum
695 1220 759 1314 fibi
779 1220 935 1315 praedicat
961 1244 1086 1291 aurum.

227 1314 314 1386 Ecce
339 1316 398 1385 alii
423 1317 523 1410 primo
545 1338 702 1389 tentatum
727 1318 849 1410 remige
870 1335 1014 1410 pontum.

228 1409 472 1501 Palladiumque
487 1433 610 1490 ratem,
633 1413 815 1505 tabulasque
834 1408 951 1483 dedite
971 1410 1129 1506 loquaces.

230 1503 377 1595 Quorum
399 1506 549 1578 Threicio
569 1510 732 1603 personam
750 1510 873 1601 primus
896 1507 935 1578 ab
960 1510 1089 1604 Orpheo

229 1605 369 1695 Accepit
391 1605 520 1696 genitus
542 1606 690 1701 Myscelli
709 1628 807 1697 gente
820 1649 822 1654 -
822 1604 967 1691 salubri:
1051 1616 1057 1636 ”

171 1698 337 1787 ιόςΑῑειτ
364 1700 549 1787 Alexandri
572 1704 744 1773 Nilotidas
766 1701 905 1795 abnegat
929 1723 1044 1780 arces.

229 1793 358 1881 Exosus
377 1798 485 1866 natale
497 1798 626 1884 solum,
653 1796 862 1891 tumidamque
884 1792 1007 1885 Coloffir

227 1889 339 1967 Solis,
361 1890 580 1987 &irriguam
600 1895 713 1987 pluvio
736 1892 873 1962 Rhodon
896 1894 1124 1983 expetitauro.

225 1985 335 2079 Hujus
358 1989 392 2059 in
415 1990 561 2075 Ausonio
586 1988 721 2085 vestigia
744 1988 878 2084 pulvere
906 1987 1015 2060 Varro

226 2079 316 2153 Porti
331 2083 411 2178 legit
424 2086 546 2180 linguae
560 2088 646 2158 haud
664 2089 818 2180 opulens,
828 2105 864 2155 ut
878 2082 1016 2152 barbara
1033 2086 1149 2155 Narbo

171 2197 223 2271 :70
234 2181 276 2251 Ut
302 2204 391 2273 quern
411 2201 533 2274 paruus
558 2189 654 2254 Atax
677 2184 785 2254 Latia
809 2180 1046 2271 transcripserat
1064 2183 1146 2252 urbi.

220 2281 332 2369 Atque
357 2276 440 2347 idem
459 2280 631 2372 imparibus
653 2283 803 2372 proprias
832 2277 960 2372 etcponit
982 2299 1121 2360 amores,

221 2373 478 2466 Leucadiumque
493 2375 586 2461 suom
608 2380 771 2453 inumeris,
789 2372 961 2459 succedere
981 2397 1098 2469 magno
1204 2451 1208 2467 ἱ

219 2472 364 2538 Aruncae
382 2474 539 2564 quondam
553 2468 676 2565 frustra
701 2492 831 2541 coriatus
851 2471 986 2539 alumno.
1060 2547 1062 2550 ¹

221 2566 310 2635 Nam
336 2587 385 2647 te,
410 2568 545 2646 flacce,
562 2564 637 2657 finu
656 2563 834 2652 sulcantem
859 2567 989 2639 caerula⁴
1001 2566 1097 2656 pleno

175 2676 217 2754 75
229 2663 303 2731 Heu
319 2663 467 2754 juvenem
488 2664 580 2750 cursu
599 2662 728 2753 encuffit
744 2687 828 2734 mors
838 2660 947 2746 saeva,
963 2657 1144 2754 prinsquam

220 2757 389 2841 AEsonides
414 2759 580 2853 Pagasas,
602 2760 803 2855 patriamque
828 2756 974 2828 revellas
1000 2759 1118 2847 Iolcon.

217 2853 271 2921 At
293 2852 354 2921 tibi
381 2854 555 2925 Daedaleos
577 2858 739 2931 marcisus,
766 2855 935 2927 Heliconie
960 2872 1072 2936 vates,

217 2946 290 3037 Qui
304 2948 472 3042 sequeris,
498 2977 595 3047 neque
624 2949 761 3043 ventafis
785 2954 820 3021 in
847 2951 979 3020 nubibus
1002 2950 1071 3020 alas

216 3047 407 3137 Expandiss
429 3072 527 3143 neque
543 3050 653 3144 serpis
678 3050 784 3127 lurni,
800 3046 861 3134 sed
880 3066 1022 3142 praepete
1048 3044 1138 3140 lapsu

171 3140 214 3213 80
228 3144 292 3213 Ceu
318 3144 453 3223 medium
475 3145 594 3233 confine
620 3144 722 3224 teris,
748 3168 809 3237 quo
835 3147 974 3215 carmine
999 3140 1115 3236 dignas

217 3237 412 3308 Addiderim
430 3244 576 3324 tandem,
589 3265 689 3337 quove
708 3264 780 3317 ore,
793 3262 851 3310 aut
863 3241 989 3333 pellace
1005 3232 1140 3309 laudes?

214 3333 348 3403 Scilicet
373 3335 447 3406 lruic
464 3338 573 3428 patris
590 3341 728 3431 pecudes
748 3338 782 3404 in
804 3337 944 3407 vallibus
969 3334 1044 3404 olim

213 3430 392 3516 Servanti,
419 3434 539 3504 cunilae
554 3432 621 3519 sese
646 3432 803 3519 indulsere
827 3434 985 3505 videndus
1056 3463 1060 3470 ·

211 3525 376 3607 Aonides,
399 3527 585 3623 laurumque
609 3528 681 3599 viro
705 3550 872 3621 vocemque
897 3528 1031 3603 dederes
1128 3603 1132 3611 ,

171 3623 208 3713 35
218 3619 453 3719 Quasnperdm
473 3622 755 3719 caneretslirpem,
763 3643 983 3720 praeceptaqut
994 3630 1137 3702 morum,

208 3716 454 3815 Descriptasque
477 3720 546 3792 dies
565 3740 710 3816 operum,
729 3721 932 3815 clypeumque
955 3718 1112 3789 tremendi

208 3811 365 3885 Herculis
390 3818 430 3892 (θ’
454 3839 579 3889 veteres
606 3815 718 3888 divim
737 3839 841 3910 genus
869 3816 1044 3888 Heroinat.

207 3910 298 4004 Ergo
322 3909 363 3986 Ψ
386 3912 572 3986 Chalcidica
597 3936 710 3986 uuum
738 3913 908 3984 certamine
930 3913 1090 4022 quondam

205 4005 348 4086 Rettulit
370 4010 509 4088 auritum
532 4012 681 4110 tripoda,
703 4003 790 4111 &sl
808 4033 893 4094 ,utta
914 4032 1063 4086 minores.

1063 4108 1153 4193 elit*⁴
