2859 4709
487 462 829 535 Sauream
879 457 930 535 W
1137 478 1209 555 or

202 578 243 659 iit
271 582 334 659 tibi
357 578 450 659 fuito'
467 581 548 657 fune
571 582 701 656 nautico
725 583 760 653 in
783 582 944 658 transtro?
966 583 1002 661 dt
1028 583 1089 659 iata
1121 589 1210 666 obba

203 682 337 759 exhalet
367 679 427 753 ubi
455 681 645 756 viiiffimum
681 680 797 755 viuum
834 683 949 771 vapida
982 682 1055 772 pice
1092 707 1210 756 corru-

201 778 327 870 ptum?
372 781 447 856 Cur
477 779 586 872 petis,
613 796 650 846 ut
674 776 829 860 nummi,
856 801 939 869 quos
966 778 1124 853 nutrieras
1154 780 1209 853 hic

202 875 356 949 modesto
383 874 502 951 lucro,
532 868 703 964 perficiant
729 873 789 944 tibi
808 894 942 968 ‚magno
968 875 1082 945 labore
1110 901 1209 971 gran·

202 972 262 1044 des
289 971 452 1056 summas,
476 971 596 1067 quibus
621 971 718 1059 partis
748 969 807 1041 iias
831 970 982 1043 avarior?
1028 972 1121 1044 Vaca
1147 999 1210 1044 vo·

202 1066 347 1161 lupum,
372 1066 524 1142 fruamur
549 1066 697 1137 dulcibus
722 1065 758 1138 ὅ(
779 1065 941 1160 jucundis.
964 1067 1062 1139 nobis
1087 1067 1210 1155 debes,

202 1168 296 1260 quod
321 1166 438 1249 vivis,
473 1163 532 1235 fies
569 1165 675 1245 cinis,
700 1163 851 1244 umbra,
879 1165 916 1237 dt
943 1163 1064 1237 sabota.
1114 1167 1208 1240 Vive

184 1284 336 1333 ‘memor
364 1261 508 1342 mortis,
533 1260 614 1331 hora
641 1258 792 1329 celeriter
823 1264 965 1351 praeterit
986 1289 995 1330 ε
1024 1260 1090 1333 hoc
1114 1282 1207 1332 tem-

201 1358 318 1451 poris,
342 1361 435 1452 quod
462 1357 629 1448 loquendo
658 1353 844 1439 coosum0,
864 1355 911 1426 est
934 1360 975 1427 de
1002 1383 1052 1428 ea.
1095 1361 1206 1434 Vides

200 1454 366 1527 dominos.
404 1455 457 1526 En
484 1455 563 1544 quid
587 1452 680 1544 agis?
704 1453 858 1522 scindetis
884 1453 1015 1525 duobus
1042 1453 1146 1526 hamis
1169 1460 1205 1527 in

202 1550 379 1622 diversum.
429 1549 622 1641 Sequerisne
652 1545 740 1618 hunc
770 1548 989 1634 Dominum,
1018 1575 1057 1621 an
1086 1550 1204 1626 hunc?

200 1647 351 1738 Oportet
380 1665 418 1719 ur
443 1648 567 1716 incerto
600 1642 761 1720 servitio,
795 1647 899 1715 modo
927 1647 971 1716 itti
998 1647 1205 1743 viciffimque

200 1742 348 1815 dominis
375 1745 437 1815 tuis
459 1764 615 1834 apparens
642 1740 786 1811 obedias.
828 1744 873 1812 Et
899 1745 1048 1831 quamvis
1075 1764 1112 1814 tu
1139 1748 1203 1817 ob-

197 1837 321 1911 stiteris
353 1838 478 1922 semel,
512 1863 549 1910 ac
583 1833 782 1908 recusaveris
812 1837 948 1929 obiequi
979 1837 1107 1910 instanti
1134 1842 1202 1913 im·

196 1936 320 2026 perio',
344 1960 386 2006 ne
413 1948 521 2007 tamen
553 1932 698 2012 dixeris,
728 1934 800 2024 rupi
830 1934 894 2028 jam
924 1935 1077 2014 vincula,
1098 1937 1135 2008 δε
1163 1940 1202 2011 Ιί-

197 2029 258 2102 ber
282 2031 379 2104 evasi.
415 2031 714 2123 Quemadmodum
737 2055 797 2101 nec
820 2031 927 2110 canis,
952 2030 975 2102 st
998 2053 1120 2102 catenas
1138 2059 1200 2105 no·

199 2130 280 2198 dum
305 2130 461 2201 tuttundo
487 2127 672 2218 abruperit,
693 2129 842 2215 quamvis
863 2127 992 2222 Fugiat,
1015 2129 1117 2201 libera
1140 2131 1200 2203 etr:

197 2225 272 2317 quia
306 2249 463 2318 magnam
496 2243 622 2316 partem
656 2239 779 2292 catenae
813 2249 832 2296 a
862 2224 950 2294 collo
980 2223 1106 2310 trahit,
1135 2255 1200 2321 qua

196 2319 316 2392 iterum
343 2323 443 2414 paulo
475 2318 547 2406 post
575 2317 753 2408 capiatur,
785 2317 827 2390 stc
855 2339 891 2393 tu
919 2318 943 2389 st
972 2318 1073 2392 semel
1100 2342 1200 2419 atque

196 2415 315 2489 iterum
344 2420 430 2489 vitiis
457 2415 644 2490 obstiteris,
671 2437 738 2482 non
764 2436 935 2506 propterea
961 2439 995 2487 te
1015 2418 1056 2489 ab
1085 2423 1132 2490 eis
1159 2425 1200 2491 li-

195 2511 314 2588 berum
340 2512 404 2586 eise
425 2535 540 2604 putes,
563 2535 641 2584 cum
667 2511 708 2582 ab
734 2510 885 2583 illistron
909 2516 1017 2586 multo
1042 2515 1116 2605 post
1140 2519 1203 2587 ite·

194 2633 270 2683 rum
298 2611 443 2705 iii-geris.

241 2708 487 2780 Chreretiratus
514 2702 675 2776 abrodens
700 2711 841 2782 crudum
865 2732 1044 2801 unguem,
1062 2710 1098 2784 ὃ(
1121 2733 1196 2782 me.

193 2803 394 2876 ditabundus
419 2805 461 2873 uit
489 2804 559 2873 haec
586 2806 625 2871 ad
655 2803 791 2876 Davum
818 2807 949 2876 servum
972 2808 1067 2877 suum
1089 2834 1098 2874 ι
1124 2809 1198 2880 Da·

192 2926 268 2980 ve,
303 2899 477 2987 mihilhoc
510 2903 599 2992 quod
634 2898 699 2986 jam
735 2904 839 2972 dicam
872 2905 1006 2972 credas:
1043 2904 1199 2977 Meditor

191 2996 286 3079 finire
315 2998 471 3073 dolores,
501 3018 584 3087 quos
616 2999 750 3068 antehac
786 2997 891 3090 patius
919 2998 1000 3070 sum.
1056 3001 1109 3070 An
1136 3003 1199 3073 ob·

190 3091 272 3164 stem
299 3094 443 3164 dedecus
466 3094 614 3185 cognatis
636 3099 718 3162 meis
743 3091 884 3166 turin?
928 3100 981 3164 An
1011 3098 1195 3170 diminuam

190 3187 428 3281 patrimonium
457 3213 571 3260 meum
600 3214 666 3257 non
694 3189 760 3260 stne
790 3190 980 3261 infamiam
1007 3195 1196 3266 meretricia

190 3287 320 3366 domo,
351 3288 430 3356 dum
459 3286 568 3355 ebrius
590 3309 685 3356 canto
717 3309 790 3357 ante
820 3288 908 3357 fores
936 3288 1105 3384 Chrpfidis
1131 3314 1196 3359 un-

190 3402 319 3476 guento
346 3382 492 3452 madidis
524 3407 600 3454 cum
627 3384 697 3452 free
725 3384 892 3454 extindia'i
933 3386 969 3454 Ο
1001 3409 1085 3472 puer
1110 3386 1193 3470 (in-

190 3477 261 3568 quit
289 3481 434 3567 Davus)
463 3478 587 3572 Euge,
613 3479 695 3567 sapis
720 3480 826 3549 madia
852 3503 971 3570 agnam
998 3478 1125 3554 Castori
1154 3481 1194 3558 δι

190 3572 317 3665 Polluci
357 3576 418 3645 diis
448 3573 613 3645 stultitiam
647 3572 887 3645 amoventibus.
937 3574 1191 3646 Cherestratus:

190 3672 279 3749 Sed,
300 3671 421 3750 Dave,
445 3695 525 3742 num
550 3667 714 3740 existimas
738 3667 937 3764 Chrysidem
967 3673 1193 3760 ploraturam,

191 3789 267 3842 tum
287 3765 499 3838 fueritame
519 3766 654 3837 relide?
688 3767 816 3836 Davus.
866 3765 1038 3855 Nugaris‚
1060 3786 1097 3837 tu
1120 3783 1192 3834 tan·

191 3884 288 3959 quan
318 3888 401 3952 puer
429 3860 638 3957 castigaberis
663 3887 681 3932 a
705 3858 868 3958 Chryiide
896 3862 995 3933 rubra
1024 3860 1127 3938 solea,
1152 3882 1214 3946 ut,

191 3980 254 4031 uon
282 3957 364 4032 ausu
398 3959 510 4052 postea
542 3959 703 4039 moveri,
729 3961 766 4030 dt
794 3961 913 4027 rodere
945 3959 1051 4030 ardor
1080 3955 1192 4030 casses.

192 4058 289 4135 Nunc
313 4078 349 4126 es
375 4052 484 4131 ferus,
508 4054 746 4131 denotemus,
772 4055 828 4126 sed
847 4054 870 4125 fi
886 4053 1020 4150 Chrysis
1041 4075 1073 4127 re
1091 4076 1192 4124 revo-

204 4162 208 4171 '
256 4155 315 4228 tt.
329 4151 456 4228 Sonuit
471 4153 572 4246 oper.
598 4149 765 4224 Tomll.
908 4150 952 4226 X
1121 4167 1205 4232 ceto
