2859 4709
304 429 374 488 110
482 403 1061 502 utinamutinam

170 608 172 613 Α
267 608 271 613 ,
301 545 349 604 vel
367 561 463 602 manus
482 544 529 604 vel
546 543 676 608 brachia,
701 543 724 603 st
747 557 835 603 totam
855 540 970 603 flatuum
994 562 1060 602 eum
1083 540 1134 603 suis
1159 535 1248 621 parsi³

169 613 269 689 Citttot
300 625 351 684 bus
371 623 440 698 aptis
459 640 577 701 nequeat
594 620 721 697 expolire
739 639 822 694 atque
842 621 983 699 perficere.
1017 625 1096 682 Nam
1116 643 1176 700 quae
1195 642 1251 697 por

301 705 353 763 test
377 701 429 762 esse
450 723 509 769 ars,
529 703 577 761 nili
603 724 662 779 quae
683 722 739 760 non
762 722 796 761 err
819 723 892 766 una.
915 719 1019 763 aut-ex
1042 705 1169 770 duabus,
1198 705 1246 764 sed

302 803 339 844 err
358 781 450 854 multis
467 783 692 858 praeceptionibus
713 780 844 842 conslae?
864 785 932 841 Non
952 801 1021 860 ergo
1041 783 1177 842 formosus
1195 785 1248 842 ille

303 862 365 927 eli,
382 861 429 939 qui
450 862 542 939 nigros
555 863 660 938 ,oculos
681 860 844 940 nigrumque
863 861 995 938 capillum
1013 861 1120 922 surtinus
1143 864 1182 922 eli
1193 899 1202 928 ,
1226 863 1247 921 fi

301 960 396 1002 tamen
417 940 550 1001 deformis
573 948 650 1001 nasus
670 957 757 1002 totam
776 941 832 1007 oris
856 942 1087 1015 compofitionem
1108 943 1245 1016 deturpat.

281 1046 284 1050 ·
301 1020 347 1081 Sic
365 1041 433 1101 ergo
450 1021 633 1081 Proverbium
649 1036 745 1080 contra
767 1041 817 1096 nos
835 1022 977 1096 obiesium
996 1021 1197 1098 explicuimus:
1213 1018 1261 1082 δι’

303 1117 390 1162 artem
414 1099 467 1161 esse
490 1122 546 1162 non
569 1101 657 1161 modo
676 1099 795 1166 utilem,
817 1098 865 1162 sed
889 1101 974 1161 ualde
995 1100 1171 1160 necessariam
1188 1137 1198 1166 ‚
1217 1116 1248 1160 ut

302 1196 392 1258 partes
410 1179 501 1258 operis
511 1220 521 1249 ,
533 1183 563 1243 u
577 1196 666 1242 torum
683 1198 752 1258 opus
770 1179 841 1241 inter
860 1186 889 1241 le
906 1177 1220 1249 consiet,otlendimus.

460 1341 1087 1422 Auuorrurouss

339 1513 466 1571 Maxima
489 1529 552 1593 pars
580 1508 712 1592 uarum.)
753 1512 963 1573 Torumhunc
985 1509 1079 1571 locurn
1100 1531 1164 1574 eum
1193 1506 1247 1574 snit

302 1593 438 1670 'exemplis
456 1591 633 1659 Lambinus,
656 1595 687 1653 ὅ(
716 1591 764 1650 ιιΙίἱ
787 1591 899 1650 somniis
915 1590 1119 1651 involverunt‘
1144 1592 1246 1654 Senon

305 1673 365 1734 est:
383 1673 411 1731 in
434 1671 578 1731 virtutibus
597 1671 681 1731 eriam
701 1669 762 1744 ipss
788 1670 980 1748 capessendis,
1004 1672 1114 1748 semper
1139 1673 1245 1731 errabi-

188 1754 190 1758 ‘
305 1755 390 1819 ntus',
411 1748 429 1809 si
449 1768 508 1812 arte
526 1752 702 1813 caruerimus.
735 1752 823 1810 Nulla
843 1750 918 1811 enim
934 1750 1017 1808 virtus
1039 1753 1095 1819 esi,
1115 1771 1175 1828 quae
1198 1752 1244 1811 vi·-

303 1832 373 1891 tium
393 1830 561 1891 simillimum
578 1829 625 1890 libi
645 1850 701 1888 non
718 1832 858 1908 adiungat.
889 1831 955 1890 Nec
974 1831 1049 1889 enim
1067 1828 1152 1891 uirtus
1171 1851 1246 1891 con-

305 1910 371 1970 fisiir
387 1911 416 1970 in
441 1912 538 1972 medio
558 1911 677 1971 duorum
696 1908 848 1977 vitiorum,
867 1926 898 1969 ur
918 1909 1042 1986 plerique
1059 1925 1243 1984 putaverunt,

306 1991 356 2052 sed
377 1992 393 2068 s
403 2009 431 2052 ut
445 1991 525 2051 Plato
545 1989 607 2065 ait)
628 2007 714 2048 unum
733 1994 839 2075 semper
859 1988 906 2048 uni
927 1988 1093 2048 contrarium
1113 1987 1170 2055 est,
1187 2011 1245 2051 non

305 2088 391 2131 unum
412 2073 528 2131 duobus.
562 2068 709 2130 Contraria
722 2085 804 2128 voest
815 2067 897 2128 Arist.
919 2088 979 2146 quae
1000 2070 1050 2128 sub
1067 2089 1123 2128 uno
1140 2084 1247 2147 genere·

304 2151 496 2218 eontinentur,
514 2165 543 2208 ιιι
562 2147 675 2214 effusio,
693 2146 886 2209 &liberalitas
905 2148 932 2207 in
953 2147 1059 2209 ratione
1075 2151 1161 2209 dandi
1177 2169 1246 2210 con·

303 2229 442 2296 tinemut,
460 2229 527 2288 ficut
545 2227 685 2305 avaritia,
713 2230 744 2287 dt
774 2226 890 2302 parcitas
911 2227 939 2287 in
950 2234 954 2263 r
965 2227 1071 2288 ratione
1097 2228 1243 2290 retinendi.

303 2308 402 2385 Ira'que
421 2312 495 2383 quod
513 2305 554 2368 est
570 2307 738 2368 contrarium
757 2306 848 2368 virtuti
867 2328 952 2368 unum
972 2306 1012 2367 eli
1029 2310 1058 2368 δι
1075 2307 1246 2369 simillimum

304 2385 352 2449 esi.
386 2391 418 2448 In
439 2387 537 2464 quibus
556 2386 742 2448 discernendis
759 2404 817 2448 arte
843 2388 944 2447 callida
964 2407 1033 2462 opus
1053 2387 1104 2450 esi.
1139 2388 1246 2450 Cicero

300 2465 330 2527 in
354 2466 554 2528 Partitionibus.
588 2470 724 2526 Cernenda
739 2468 802 2545 sunt
825 2467 963 2544 diligenter
986 2466 1132 2607 nobellum
1148 2490 1179 2526 ea
1197 2488 1247 2527 not·

302 2550 393 2613 viria,
412 2567 470 2628 quae
488 2548 615 2605 virtutem
640 2548 766 2605 videntur
788 2548 910 2605 imitari.-
926 2567 989 2605 ttum
1053 2549 1243 2624 *prudentiam

301 2629 426 2695 malitia,
453 2626 490 2689 o
516 2629 711 2707 temperantiam
731 2627 883 2685 immanitas
909 2629 937 2682 in
959 2625 1133 2702 voluptatibus
1155 2628 1244 2705 asper-

300 2710 413 2771 nandis,
433 2704 469 2768 ὁ
487 2707 696 2782 magnitudinem
714 2707 800 2764 animi
815 2705 936 2784 superbia
952 2707 981 2762 in
999 2707 1097 2762 animis
1116 2709 1244 2764 extoliere.-

298 2789 358 2854 dis,
379 2785 414 2846 (θ’
436 2788 610 2862 integritatem
634 2786 843 2865 inspicientium
864 2785 1054 2843 contemnendis
1080 2786 1243 2852 honoribus,

299 2863 337 2926 (7
354 2865 534 2922 liberalitatem
552 2862 654 2943 rffufio,
671 2863 707 2927 ὁ·
715 2864 897 2944 fortiiudinem
915 2866 1026 2922 audacia
1043 2866 1182 2931 imitatur,
1202 2863 1240 2926 ὰ

297 2946 449 3023 patientiam
468 2944 567 3002 duritia
583 2947 727 3010 immanis,
749 2943 785 3004 o
806 2943 928 3020 iustitiam
953 2945 1097 3010 acerbitas,
1120 2940 1157 3005 (7¹
1177 2944 1245 3003 ralis

296 3026 404 3100 pionem
420 3020 581 3099 superfluit,
599 3020 635 3084 ὁ
656 3025 787 3082 lenitatem
803 3024 914 3082 mollitia
936 3025 1038 3090 animi,
1057 3021 1093 3085 ῥ’
1112 3010 1244 3080 werina

298 3104 372 3162 diam
404 3102 549 3167 timiditas,
569 3098 605 3162 ὁ
622 3104 698 3160 issam
718 3103 864 3179 disputandi
884 3105 1050 3181 prudentiam
1072 3104 1245 3170 concertatio,

297 3184 456 3260 captatioque
475 3181 635 3239 verborum:
663 3181 699 3243 (7
719 3185 785 3239 hane
807 3184 950 3240 oratoriam
971 3184 1031 3240 uim
1052 3183 1142 3238 inanit
1169 3203 1244 3260 quoe·

298 3263 360 3320 dam
374 3244 527 3339 profluentia
543 3261 674 3339 loquendi.
706 3261 837 3321 Horatius
856 3260 969 3320 illarum
987 3276 1091 3321 tanturn
1108 3260 1244 3320 virtutum

296 3339 421 3417 apposuit
442 3339 594 3412 exempla,
610 3359 670 3414 quat
688 3343 730 3401 at
742 3339 883 3419 scriptores
903 3339 1046 3416 spectant,
1066 3355 1096 3400 ut
1117 3339 1244 3400 brevita-

296 3420 353 3485 tis,
372 3418 436 3498 slyli
461 3418 566 3484 medii,
585 3417 737 3486 sublimis,
767 3424 797 3480 dr
828 3420 959 3486 humilis,
984 3418 1141 3482 varietatis,
1166 3416 1242 3497 quati

295 3497 386 3560 dicat:
409 3498 455 3574 qui
477 3497 619 3566 brevitatis
638 3497 757 3578 gloriam
779 3515 887 3576 captat,
910 3499 1008 3558 incidit
1030 3500 1059 3557 in
1087 3499 1241 3560 obscurita-

294 3597 372 3638 tem:
398 3575 445 3652 qui
466 3576 585 3641 invem.
605 3576 635 3635 id
656 3577 697 3638 est
716 3579 836 3654 politum
858 3577 960 3658 siylum
981 3580 1105 3652 spectat,
1132 3579 1247 3653 neruis,

294 3655 443 3716 &animis
467 3654 638 3716 destituitur:
659 3658 704 3736 qui
728 3661 889 3738 grandem,
908 3659 1031 3738 turgidus
1053 3657 1163 3719 evadit:
1193 3657 1242 3730 qui

293 3735 447 3802 humilem,
473 3737 553 3812 serpit
582 3735 677 3796 humi:
703 3738 734 3799 δι
764 3741 877 3798 tandem
900 3758 985 3812 quum
1008 3739 1080 3797 velit
1105 3736 1243 3797 varietate

238 3870 241 3874 .
293 3815 425 3890 placere,
443 3813 564 3875 monstra
585 3813 706 3894 effingit,
726 3817 760 3878 ὅ(
787 3815 979 3895 prodigialiter
999 3817 1170 3895 Delphinum
1193 3812 1242 3874 fil-

293 3891 335 3949 vis
355 3891 477 3970 appingit
484 3900 505 3963 ,i
513 3892 638 3953 slusiibus
658 3916 766 3971 aprum.
805 3899 874 3956 Vox
903 3899 1105 3975 Prodigialirer,
1134 3898 1236 3963 adiun-

293 3973 384 4046 genda
405 3971 444 4029 est
458 3977 547 4034 uerbo
567 3975 698 4053 appingit,
719 3994 775 4037 non
794 3995 883 4042 vero,
906 3977 1025 4034 variare.
1064 3979 1151 4048 Quod
1169 3977 1241 4051 sepe

295 4051 369 4133 apud
389 4052 535 4114 Horatium
554 4053 735 4118 observabis:
754 4071 784 4114 ut
798 4052 892 4116 infra:
909 4056 1049 4137 statusque
1071 4059 1179 4137 turpiter
1196 4056 1241 4111 ab·

535 4192 540 4199 ,
648 4172 651 4179 ·
1149 4150 1224 4195 imm
1235 4171 1246 4202 ῃ
