2859 4709
243 471 316 551 530
437 451 1049 537 sonnonmmaair,

521 631 559 715 C
590 632 629 716 A
654 630 684 715 P
710 634 815 720 UT
871 633 968 722 IV.

463 803 618 902 Summo
649 757 793 916 Afric}
822 801 1034 919 descriptio.

205 988 208 997 '
341 975 434 1050 Frica
457 977 498 1049 ab
522 972 655 1050 orientis
681 993 773 1070 parte
798 976 883 1050 Nilo
906 977 1096 1061 terminata,
1117 974 1241 1071 pelago

360 1073 378 1142 {t
404 1075 545 1148 cureris:
572 1073 706 1145 brevior
730 1073 775 1146 ell
802 1077 941 1167 quidem
960 1101 1059 1172 quam
1082 1076 1243 1165 Europa,

242 1172 318 1264 quia
344 1195 403 1240 nec
431 1171 566 1265 usquam
590 1169 696 1252 Assae,
720 1167 756 1244 ἃ
777 1193 846 1242 non
869 1171 973 1248 totius
997 1173 1098 1268 hujus
1116 1169 1243 1242 littori·

242 1267 305 1341 bus
329 1263 532 1338 obtenditur.
573 1267 725 1361 Longior
752 1283 871 1359 tamen
888 1267 976 1363 ipsa,
1001 1269 1102 1363 qu'am
1127 1266 1248 1349 latior,

242 1364 280 1439 δ(
306 1386 369 1454 qua
394 1366 435 1433 ad
460 1362 603 1435 fluvium
630 1363 791 1460 attingit,
818 1365 975 1455 latiffima,
1024 1367 1139 1459 thue
1171 1363 1244 1434 inde

241 1458 414 1556 procedit,
430 1459 475 1532 ita
495 1461 606 1532 media
626 1465 793 1561 praecipue
810 1460 842 1531 in
862 1458 940 1558 juga
959 1485 1152 1560 exurgens,
1174 1482 1245 1554 per·

241 1553 957 1746 tells?ssd,lisssalsls‘ss
971 1551 1245 1728 sisslsslid‘

852 1696 870 1726 ι’
1093 1700 1105 1738 2
1231 1689 1245 1708 “

242 1751 333 1825 xime
353 1748 486 1844 angusta
500 1749 556 1820 est.
596 1751 773 1842 Quantum
793 1750 969 1831 incolitur,
983 1752 1110 1826 eximie
1122 1749 1245 1824 fertilis.

243 1849 378 1922 Verum
397 1847 487 1938 quod
503 1846 656 1940 pleraque
672 1846 745 1939 ejus
761 1846 904 1931 inculta,
920 1845 1024 1924 &aut
1039 1847 1175 1922 harenis
1187 1844 1244 1918 lle·
1280 1878 1282 1883 ·

191 1984 193 1988 ·
243 1944 362 2020 risibus
374 1943 540 2025 obduslm
552 1964 607 2016 aut
621 1942 667 2016 ob
679 1941 765 2013 satim
782 1945 863 2018 coeli
878 1962 1110 2039 terrarumque
1126 1943 1244 2018 deserta

244 2042 407 2124 sunt‚aut
429 2039 618 2112 infestantur
641 2039 747 2111 multo
760 2063 797 2111 ac
811 2039 962 2115 malefico
981 2065 1110 2137 genere
1129 2038 1244 2118 anime·

243 2141 347 2220 lium,
362 2136 448 2210 valla
461 2135 508 2209 ell
527 2138 635 2231 magis
651 2133 753 2232 qu'am
769 2134 935 2231 frequens.
972 2140 1075 2212 Mare
1090 2164 1162 2235 quo
1177 2135 1243 2209 cin-

197 2274 201 2285 ·
245 2238 337 2333 gitur
359 2231 377 2303 it
388 2233 618 2326 septentrione
629 2230 856 2328 ,XLibycumc
884 2231 903 2306 l
925 2236 1088 2318 meridie,
1111 2233 1243 2310 AEthio-

243 2335 378 2429 picum:
407 2330 449 2400 ab
475 2330 678 2412 occidente,
705 2329 909 2404 Atlanticum
940 2331 1094 2406 dicimus.
1136 2330 1244 2408 Alea

245 2445 361 2524 parte,
392 2449 465 2518 quae
491 2425 624 2522 leyco
650 2425 798 2516 adjacet,
819 2427 970 2519 proxima
988 2425 1037 2500 ell
1064 2428 1155 2502 Nilo
1176 2449 1246 2523 pro-
1287 2425 1288 2429 ’

246 2524 356 2601 vincia
374 2546 471 2616 quam
489 2523 639 2620 Cyrenas
653 2541 782 2595 vocant.
815 2524 969 2604 Deinde,
990 2524 1045 2598 cui
1072 2524 1178 2602 totius
1199 2548 1246 2597 rc·

184 2678 187 2683 .
247 2623 360 2719 gionis
378 2618 543 2692 vocabulo
565 2615 756 2714 cognomen
769 2619 910 2692 inditum
925 2619 993 2699 ell,
1008 2620 1142 2696 Africa.
1176 2623 1247 2698 02·

247 2740 316 2792 tera
330 2719 494 2789 Numidae
507 2715 543 2790 &
556 2716 670 2788 Mauri
689 2734 812 2788 tenent.
836 2716 902 2787 Sed
916 2718 1033 2793 Mauri
1054 2718 1087 2791 in
1110 2718 1250 2793 Atlanti·

248 2841 326 2888 cum
341 2815 477 2908 pelagus
492 2810 638 2904 expositi.
668 2812 762 2885 Ultra
776 2813 922 2908 Nigritae
937 2810 1007 2887 sunt
1018 2812 1073 2899 ‚&
1084 2813 1252 2894 Pharusii,
1287 2884 1288 2901 q

246 2897 350 3005 usqne
375 2912 415 2981 ad
439 2909 623 3002 AEthiopas.
663 2906 715 2980 Hi
740 2909 777 2985 δι
802 2910 927 3002 reliqua
949 2906 1063 3005 hujus,
1080 2908 1118 2984 &
1140 2928 1252 2982 totum
1285 2908 1289 3037 q

247 3011 330 3082 latus
353 3008 445 3097 quod
465 3007 639 3077 meridiem
660 3003 800 3098 spodio,
822 3003 925 3100 usque
947 3006 982 3078 in
1000 3003 1081 3078 slfiac
1103 3004 1253 3080 confinia
1272 3050 1289 3087 ,r

247 3104 421 3198 possident.
467 3103 511 3171 At
534 3099 629 3192 super
648 3126 686 3175 ea
710 3127 784 3196 quae
800 3103 931 3199 Libyco
952 3104 1034 3178 mari
1051 3102 1252 3189 abluuntur,

249 3196 376 3295 Libyes
404 3196 559 3292 AEgyprii
585 3195 684 3281 sunt,
708 3199 745 3274 δι
768 3197 1071 3293 Leucoaethiopes:
1102 3197 1141 3277 δι
1167 3199 1251 3274 natio

249 3297 407 3388 frequens
430 3295 669 3386 multiplexque
683 3295 813 3372 Geruli.
846 3295 979 3369 Deinde
1000 3295 1065 3370 late
1089 3317 1185 3372 vacat
1205 3321 1251 3370 rc·
1286 3352 1289 3375 .

251 3395 310 3488 gio
339 3409 502 3483 perpetuo
530 3391 635 3464 trado
666 3390 893 3475 inhabitabilis.
942 3394 1038 3490 Tum
1064 3390 1248 3486 primosel
1287 3390 1289 3427 ²

251 3489 380 3562 oriente
405 3489 644 3566 Garamantas,
672 3489 746 3579 poll
765 3488 915 3583 =Augilas
939 3489 974 3563 dc
997 3490 1248 3589 Troglodytas,

251 3587 289 3662 &
313 3584 449 3656 ultimos
470 3587 511 3655 ad
534 3582 689 3657 occasum
717 3585 863 3683 Atlantas
885 3586 1046 3660 audimus.
1086 3589 1182 3661 Intra
1206 3580 1249 3676 (ll

252 3684 389 3755 credere
416 3677 522 3771 libet)
547 3679 603 3748 vix
627 3679 692 3772 jam
718 3681 892 3760 homines,
917 3679 1091 3777 magisque
1116 3678 1249 3758 semiserl

252 3778 450 3874 AEgypanes
472 3775 509 3852 dc
534 3774 772 3945 Blemmqae&
796 3776 1079 3867 Gamphasantes,
1098 3771 1256 3889 &Satyri

252 3873 321 3949 fine
342 3869 436 3945 testis
459 3871 572 3966 paffim
595 3896 632 3944 ac
674 3873 791 3946 edibus
816 3873 891 3968 vagi
916 3875 1038 3947 habent
1059 3879 1178 3970 potius
1193 3894 1252 3948 ter·

177 4056 180 4061 ,
240 3972 307 4050 ras
318 4020 331 4058 ,
359 3995 463 4070 quam
483 3968 645 4043 ltalsltant.
676 3970 771 4041 uec
790 3967 920 4042 summa
941 3970 1040 4043 nollri
1065 3974 1185 4053 orbis,
1206 3971 1254 4041 har

206 4183 211 4191 .
250 4075 426 4160 maximas
444 4064 786 4173 partemltatlorma.
799 4062 1290 4235 &usquequam-ung„
