2859 4709
170 386 333 505 ¹'338
420 399 1066 487 ·P0nnnouttM„n1‚an

257 530 571 624 etrote'perplexus
594 529 650 604 eli.
689 530 846 604 Cultnres
869 529 1045 624 regionum
1070 526 1181 600 multo
1201 524 1263 600 ali-⁹

218 688 220 692 .
257 645 309 700 ter
334 627 498 701 *acaeteris
523 646 636 723 agunt.
675 629 834 700 Mortuos
853 626 935 699 fimo
957 625 1051 696 obliti
1076 628 1254 721 plangunt,

255 746 319 796 nec
352 749 520 806 cremate,
549 745 605 799 aut
636 722 754 796 fodere
790 724 842 796 fas‘
869 742 1009 815 putant:
1041 747 1162 794 verum
1190 744 1258 795 arte

256 823 449 894 medicatos·
460 823 541 894 intra
565 821 741 912 penetralia
762 820 933 893 collocant.
972 817 1048 891 Suis
1065 817 1164 892 literis
1178 844 1253 909 per·

257 915 350 989 verse
373 936 520 991 utuntur.
563 919 688 991 Lutum
715 917 798 988 inter
821 929 962 996 manus,
990 912 1126 986 farinam
1151 917 1252 988 calci-

255 1011 320 1087 bus
344 1012 510 1112 lubigunt.
549 1015 676 1087 Forum
709 1037 748 1086 ac
775 1015 941 1109 negotia,
966 1007 1139 1084 foeminae':
1165 1014 1251 1093 viri,

255 1109 354 1203 pensa
379 1137 417 1183 ac
439 1114 557 1183 domos
580 1127 712 1186 curant:
737 1132 836 1181 onena
857 1110 922 1178 illae
942 1105 1111 1197 humenis:
1138 1108 1176 1179 hi
1199 1133 1250 1180 ca·

254 1207 379 1297 pitibus
397 1208 569 1301 accipiunt.
613 1211 764 1281 Parentes
783 1229 860 1278 cum
884 1223 1004 1300 egent,
1029 1204 1090 1276 illis
1109 1203 1251 1300 necelle,

182 1364 185 1370 .
256 1303 307 1374 his
323 1303 463 1375 liberum
481 1302 526 1374 est
546 1305 643 1376 alere.
683 1300 790 1377 Cibus
808 1301 1076 1393 palam&extra
1097 1299 1154 1373 lua
1172 1302 1250 1374 tetta

255 1399 411 1487 capiunt:
439 1397 597 1472 obscoena
631 1399 756 1472 intimis
781 1400 902 1472 adium
923 1399 1078 1471 reddunt.
1132 1399 1250 1472 Colunt

255 1493 384 1590 effigies
409 1498 594 1584 multotum
617 1497 827 1577 animalium,
851 1515 948 1588 atque
971 1492 1038 1586 ipsa
1060 1497 1173 1590 magis
1189 1497 1249 1569 ani·

254 1592 372 1673 malin,
400 1591 456 1664 sed
482 1595 537 1665 alii
558 1596 633 1668 alia:
661 1597 745 1666 adeo
769 1588 816 1667 ut
832 1594 984 1688 quaedam
1007 1614 1132 1662 eornm
1158 1596 1246 1666 etiam

252 1712 313 1780 per
337 1687 589 1782 imprudentiam
614 1687 842 1773 interemilie,
869 1689 1006 1781 capitale
1036 1685 1086 1758 sit.
1130 1691 1175 1760 Et
1198 1690 1247 1762 ubi

254 1784 377 1858 morbo
398 1805 452 1859 aut
475 1786 559 1860 sorfe
579 1788 720 1860 extindla
740 1785 822 1866 sint,
848 1785 982 1877 sepelite
1002 1807 1042 1854 ac
1062 1783 1185 1882 lugere
1203 1786 1244 1856 so·

254 1884 350 1954 lenne
372 1883 418 1954 fit.
459 1884 542 1976 Apis
563 1885 768 1976 populorum
788 1883 940 1955 omnium
963 1903 1094 1954 numen
1113 1881 1180 1954 est:
1195 1883 1243 1953 bos

253 1981 373 2074 niger,
399 1981 495 2053 certis
520 1984 654 2054 maculis
685 1978 845 2075 insignis,
873 1977 926 2052 &-
940 1979 1045 2050 cauda
1073 1979 1243 2075 linguaque

254 2077 410 2148 diffimilis
434 2078 597 2152 aliorum:
625 2073 699 2150 raro
724 2077 896 2154 nascitur,
910 2099 971 2145 nec
1001 2074 1103 2146 coitu
1130 2076 1272 2168 pecoris·

252 2174 311 2261 (ut
332 2173 441 2266 aiunt)
464 2171 519 2244 sed
534 2175 698 2261 ,divinitus
729 2169 914 2248 &coelesti
941 2171 1021 2266 igne
1050 2191 1241 2266 concepus,

251 2268 384 2362 diesque
410 2292 477 2364 quo
500 2269 651 2365 gignitur
678 2269 770 2363 genti
790 2266 939 2355 menime
962 2265 1066 2340 festus
1092 2266 1153 2340 eil.
1182 2264 1240 2360 tpu

252 2364 453 2440 vetustissimi
478 2365 543 2454 (ut
568 2365 774 2459 pradicant)
799 2365 994 2446 hominum,
1025 2363 1241 2439 trecentos&

251 2465 386 2556 triginta
409 2484 506 2555 reges
530 2483 605 2536 ante
629 2459 800 2535 Amasim:
817 2462 854 2536 ὅ(
870 2459 972 2551 ‘supra
1000 2461 1177 2547 totidem,
1192 2459 1243 2532 lto·

252 2564 381 2631 minum
405 2575 534 2636 etates,
555 2562 650 2632 certis
672 2557 840 2631 annalibus
859 2558 1003 2629 referunt
1013 2582 1031 2647 :g
1044 2563 1245 2632 mandatum·

275 2681 316 2730 ue
342 2656 442 2728 literis
468 2652 617 2736 servant,
643 2657 724 2726 dum
745 2653 899 2751 AEgyptii
921 2653 1012 2731 sunt,
1039 2673 1157 2746 quater
1178 2677 1247 2725 cur·

249 2681 302 2825 ius
328 2751 402 2824 suos
430 2749 555 2824 vettille
582 2750 683 2823 solem
710 2749 748 2821 ac
774 2750 825 2823 bis
850 2748 916 2843 jam
952 2747 1140 2835 occiddie,
1165 2753 1247 2823 unde

249 2872 338 2920 nunc
363 2851 476 2921 oritur.
517 2847 650 2943 Viginti
675 2846 776 2919 millia
799 2845 933 2918 urbium
957 2844 1070 2919 Amali
1093 2844 1248 2942 regnante
1287 2878 1288 2929 ᾗ

248 2945 458 3024 habitarunt,
482 2942 517 3017 ὅ(
541 2956 628 3017 nude
650 2944 768 3017 multas
793 2942 949 3021 habitant.
989 2943 1112 3016 Earum
1137 2941 1248 3013 claril-
1287 2992 1288 2999 κ

174 3057 178 3066 ’
245 3038 337 3110 snmae
363 3036 520 3134 proculi
547 3043 652 3124 mari,
680 3044 784 3136 Seps,
806 3033 1002 3130 Memphis,
1028 3039 1157 3132 Syene,
1176 3030 1248 3129 ltu-j

246 3135 364 3223 baliis,
392 3135 604 3226 Elephantis,
628 3138 664 3215 δι
690 3135 850 3226 Th'ebae,
870 3138 986 3228 utique
1014 3137 1072 3224 (ut
1086 3133 1248 3231 Hometu

247 3237 374 3306 clidium
394 3234 470 3326 eli)
486 3232 621 3307 tentum
648 3253 778 3326 portas,
798 3232 865 3305 five
886 3232 945 3323 (ut
964 3232 1018 3302 alii
1039 3233 1151 3329 aiunt)
1171 3257 1247 3304 cen·

242 3348 315 3402 tunt
340 3332 429 3422 aulas
453 3327 574 3405 habent
598 3373 609 3412 ,
635 3333 778 3403 totidem
801 3330 881 3401 olim
898 3329 1091 3423 principum
1114 3333 1247 3413 domos,

243 3426 415 3522 solitasque
437 3425 598 3522 singulas,
626 3426 687 3499 ubi
705 3427 889 3523 ‘negotium
912 3442 1097 3518 exegerat,
1122 3428 1246 3500 ducen-

244 3541 296 3595 tos
317 3539 458 3596 armatos
475 3522 594 3597 milites
619 3520 801 3598 effundere.
843 3523 1022 3594 Inlittote
1049 3523 1246 3596 Alexandria

243 3622 367 3692 Africae
393 3623 605 3693 contermina.
648 3618 814 3693 Pelulium
843 3617 975 3691 At'a'biae
998 3616 1086 3711 ipsas
1112 3644 1187 3692 otas
1203 3621 1244 3691 le-

242 3718 303 3788 c'at.
349 3714 585 3807 Canopicum,
615 3714 839 3800 Bolbitieum,
863 3713 1119 3799 S'ebenitic'um,
1147 3718 1243 3790 Men·

240 3812 396 3984 dfilium
423 3813 677 3900 Pathnniticum,
693 3815 887 3907 Tunicum',
908 3807 1150 3897 Peluliacum,
1181 3811 1244 3885 Nili

241 3934 261 3983 u
293 3935 330 3986 ta.

1062 4096 1249 4225 ’ἋῖῈῖ
