2859 4709
195 415 276 504 340
390 406 762 475 Pouaonrr
806 399 1012 473 Mra'ra

466 601 762 690 CAPUT
813 598 955 688 XII.

489 787 924 888 Planateis.

281 971 455 1048 Hoetticen
473 969 672 1043 illustravere
690 965 893 1045 Phoenices,
917 964 1027 1039 solers
1039 963 1209 1044 bominum

299 1094 434 1167 genus,
462 1067 500 1141 δι
530 1071 571 1139 ad
602 1062 680 1136 belli
705 1063 862 1156 pacisque
890 1061 1014 1136 munia
1042 1047 1208 1136 exidnn

205 1167 360 1242 Literas,
382 1164 420 1237 δε
444 1164 612 1237 literarum
636 1181 774 1250 operas,
798 1160 949 1251 aliasque
977 1159 1082 1232 etiam
1115 1182 1208 1246 ures,

207 1265 310 1333 maria
336 1260 474 1333 navIbus
497 1263 619 1340 adire,
651 1253 744 1326 clalIe
771 1253 998 1351 confligere,
1029 1260 1207 1349 imperitare
1245 1249 1250 1382 j

207 1357 383 1452 gentibus,
404 1378 547 1447 regnum
571 1354 787 1449 proliumque
808 1351 1013 1423 commenti.
1056 1354 1096 1424 In
1118 1379 1152 1428 ea
1172 1352 1208 1426 cll
1246 1387 1250 1412 ·

206 1456 343 1551 Tyros,
370 1453 546 1545 aliquando
573 1450 692 1533 Insula,
716 1472 802 1521 nunc
823 1471 955 1521 annexa
974 1447 1076 1522 terris
1098 1448 1138 1522 ab
1158 1449 1208 1522 im·

207 1567 378 1645 pugnante
399 1553 566 1641 quondam
582 1547 773 1618 Alexandro
797 1544 882 1636 jado
905 1569 1031 1637 opere.
1075 1548 1152 1622 Vici
1169 1564 1206 1618 tr·

208 1666 288 1719 nent
311 1648 489 1720 ulteriora:
516 1644 553 1720 &
570 1643 677 1718 adhuc
700 1644 855 1735 opulenta
877 1642 1013 1721 Sidon,
1049 1663 1205 1741 antequam

210 1740 230 1814 b
256 1741 360 1816 Persis
392 1761 590 1834 caperetur,
617 1738 854 1811 maritimarum
889 1738 1035 1812 urbium
1071 1743 1204 1815 maxilua.

211 1841 270 1913 Ab
300 1865 337 1911 ea
363 1841 403 1911 ad
435 1838 707 1928 promontorium
740 1834 1019 1928 Theuprosopon
1059 1840 1130 1911 duo
1151 1837 1202 1912 sut
1239 1905 1242 1918 .

212 1935 360 2030 oppida,
384 1935 508 2030 Byblos
532 1934 569 2008 &
594 1934 713 2017 Bonis,
754 1929 846 2007 Ultr'a
870 1931 932 2003 tria
956 1934 1128 2018 fuerunt,
1153 1933 1203 2005 lio-

214 2036 302 2129 gulrs
326 2033 410 2104 inter
430 2033 464 2103 se
485 2032 591 2104 dadila
609 2027 774 2113 distantia,
798 2027 890 2099 locus
912 2052 960 2101 ex
978 2055 1129 2106 nurnero
1143 2032 1205 2104 Tri·

215 2132 302 2220 polis
330 2130 461 2201 dicitur.
502 2129 597 2200 Tum
620 2127 752 2222 Simyra
777 2122 967 2203 castellum,
990 2129 1032 2203 δι
1057 2129 1136 2201 urbs
1148 2139 1203 2200 md

148 2305 151 2309 ,
215 2222 352 2298 obscura
387 2224 570 2297 Marathos.
620 2222 704 2294 Inde
725 2222 790 2316 jam
815 2243 882 2292 noo
898 2222 1052 2316 obliqua
1080 2227 1204 2322 pelago,
1251 2267 1253 2276 =

215 2320 271 2391 sed
293 2320 424 2394 adversa
442 2318 611 2413 adjacens,
631 2318 648 2391 'a
669 2339 755 2389 terra
780 2319 939 2412 grandem
967 2317 1083 2393 finum
1103 2321 1206 2394 inflexo

214 2420 320 2488 tradlu
332 2415 447 2489 littoris
459 2416 589 2508 accipit.
611 2415 732 2508 Populi
746 2414 862 2486 divites
875 2413 1139 2500 circumsident,
1148 2418 1210 2491 stus

217 2512 348 2586 efficit:
375 2515 451 2604 quia
477 2514 573 2609 regio
597 2511 739 2591 fertilis,
763 2510 883 2583 crebris
912 2511 951 2587 dt
978 2514 1212 2612 navigabilibus

216 2612 319 2683 alveis
345 2604 523 2680 fluminum
553 2609 693 2703 pervia,
722 2603 859 2679 diversas
886 2611 972 2704 opes
999 2617 1216 2712 marignque

215 2727 377 2780 terrarum
393 2705 489 2777 'facili
513 2706 716 2778 commercio
745 2721 913 2794 permutat
941 2729 983 2776 ac
1005 2707 1146 2783 miscet·
1177 2708 1214 2780 Ia
1253 2727 1255 2740 ¹

218 2829 261 2876 eo
287 2808 394 2896 prima
415 2801 461 2874 est
485 2804 607 2899 reliqua
631 2823 704 2896 pars
728 2801 850 2895 Syriae,
874 2800 930 2873 cui
947 2802 1145 2878 Antiochia·
1162 2829 1231 2876 co··

217 2923 369 2996 gnomen
398 2899 539 2972 additur.
589 2901 632 2969 Et
664 2898 697 2968 io
729 2918 785 2967 ora
813 2896 885 2986 ejus
914 2896 1015 2969 urbes
1043 2895 1219 2982 Seleucia,

218 2998 354 3076 Paltosr
381 2996 529 3080 uentos,
554 2996 742 3077 Laodicea,
760 2992 913 3074 Arados,
931 2992 1106 3088 amnesque
1135 2998 1217 3068 inter

219 3117 274 3166 eas
298 3106 376 3164 eunt
402 3092 515 3184 Lycos
544 3095 580 3171 &
607 3091 786 3187 Hypatos,
808 3087 845 3162 dt
869 3090 1072 3166 Labotas&
1098 3094 1215 3165 Oron-

220 3206 278 3260 tes.
313 3190 408 3263 Tum
431 3211 528 3262 mons
542 3198 714 3271 Amanus,
733 3182 823 3261 &ab
844 3210 886 3259 eo
908 3187 1048 3269 'statim
1064 3190 1215 3288 Myriaa·

220 3287 296 3362 deos
321 3286 358 3362 ἃ
380 3284 514 3359 Cilices.
1155 3313 1157 3318 ·

468 3446 763 3536 CAPUT
820 3448 972 3533 XIII.

538 3630 896 3715 Cratera·

299 3803 361 3902 Jus
383 3814 418 3898 in
436 3813 559 3889 recessu
582 3813 700 3908 intimo
721 3813 815 3886 locus
838 3808 883 3894 ell
904 3813 1019 3908 magni
1044 3813 1210 3909 aliquando

282 3987 287 3996 ,
316 3911 532 3996 discriminis,
558 3909 707 4004 susorum
734 3912 775 3981 ab
803 3910 995 3986 Alexandro
1024 3915 1211 3992 Persarum,

206 3995 445 4112 litglentil'que
457 4008 560 4086 Dat'tl
577 4007 762 4100 spebbatot',
772 4031 814 4073 ac
829 4005 931 4092 sebas.
966 4009 1075 4079 Nunc
1086 4035 1142 4092 ne
1161 4006 1230 4080 nl·

1155 4119 1240 4160 mm·-
