2859 4709
232 450 305 547 '554
428 448 1036 557 PomrouauManu

229 585 342 677 plures
375 581 608 661 interemerit,
644 581 687 652 ita
723 596 801 674 aput
826 602 883 650 eos
909 578 1050 650 habetur
1079 577 1226 651 eximius.
1281 642 1285 651 .

230 681 404 754 Caeterum
434 704 607 771 expertem
632 676 695 748 elle
722 681 837 759 caedis,
861 678 947 763 inter
971 675 1154 771 opprobria
1179 677 1226 748 vel
1257 672 1284 699 ''

228 781 425 851 maximum.
458 780 517 850 Ne
535 779 663 849 foedera
682 778 819 869 quidem
840 775 1011 848 incruenta
1031 772 1112 844 sunt.
1149 776 1225 846 Sau·
1276 774 1278 781 ’

227 876 315 945 'ciant
342 876 375 947 se
399 877 454 969 qui
483 876 709 967 paciscuntur,
735 892 1000 964 exemptumque
1023 870 1227 966 sanguinem,

147 974 150 979 ’
229 972 289 1041 ubi
329 972 577 1065 permiscuere,
615 969 799 1064 degustant.
848 970 890 1040 Id
925 989 1040 1061 putant
1073 969 1226 1041 mansurae

227 1067 307 1139 fidei
332 1070 452 1166 pignus
480 1069 704 1139 certissimum.
744 1069 837 1137 Inter
867 1068 1003 1158 epulas,
1034 1087 1110 1161 quot
1143 1064 1225 1160 quis·

228 1191 294 1261 que
322 1166 519 1239 interfecerit
547 1163 688 1245 referre,
719 1163 874 1235 laetiffima
903 1168 1052 1235 mentio:
1083 1164 1227 1257 binilque
1281 1170 1285 1261 l

226 1264 383 1357 poculis,
413 1266 470 1356 qui
501 1264 660 1354 plurimos
687 1263 849 1344 retulere,
885 1260 1071 1354 perpotatis
1097 1267 1227 1333 interlo·
1280 1278 1283 1339 ς·

227 1382 367 1433 cantur:
396 1358 424 1429 is
451 1359 558 1431 honos
590 1362 775 1451 praecipuus
808 1356 864 1441 est„
916 1362 1044 1431 Pocula
1073 1378 1111 1433 ut
1140 1361 1226 1433 arte·
1278 1388 1280 1397 ·

226 1457 330 1530 dones
362 1476 565 1548 parentum,
592 1460 635 1528 ita
662 1457 959 1528 inimicissimorum
977 1458 1152 1548 'capitibus
1174 1480 1225 1527 err·
1274 1458 1279 1545 j

225 1553 368 1647 poliunt.
414 1555 517 1645 Apud
549 1554 857 1647 Anthropophagos
889 1554 964 1644 ipt'ae
995 1558 1097 1627 etiam
1126 1554 1225 1647 epula

225 1648 407 1725 visceribus
445 1651 594 1722 humanis
630 1671 836 1743 apparantur.
881 1654 1052 1734 Geloni,
1091 1652 1223 1725 hostium

224 1747 358 1822 cutibus
386 1773 489 1844 equos
519 1749 618 1843 seque
646 1751 764 1820 velant.
813 1748 894 1820 Illos
919 1749 1040 1843 reliqui
1066 1751 1223 1842 corporis,

225 1839 259 1914 se
287 1846 442 1940 capitum.
492 1844 743 1920 Melanchlaenis
776 1864 844 1918 atra
875 1844 1006 1929 vellis,
1045 1845 1085 1920 ἃ
1121 1873 1162 1920 ex
1188 1868 1222 1919 ea
1268 1896 1271 1937 ·.

224 1964 361 2017 nomen.
411 1945 538 2016 Neuris
570 1944 687 2017 statum
724 1940 858 2038 singulis
886 1962 1017 2034 tempus
1052 1945 1130 2026 est,
1164 1971 1221 2039 quo
1267 2010 1272 2045 ἲ

223 2035 248 2108 st
275 2041 404 2124 velint,
436 2042 472 2110 in
499 2042 626 2132 lupos,
656 2042 843 2132 iterumque
872 2038 905 2109 in
933 2064 991 2111 eos
1022 2046 1082 2135 qui
1115 2043 1221 2126 fuere,
1266 2060 1272 2117 't

222 2155 403 2227 mutentur.
445 2138 541 2208 Mars
565 2139 716 2209 omnium
741 2143 829 2210 deus.
871 2139 915 2207 Et
938 2163 1000 2229 pro
1028 2139 1220 2214 limulachris
1268 2120 1275 2277 l

203 2230 376 2308 enses&
411 2236 552 2305 tentoria
579 2237 752 2307 dedicant:
784 2231 1001 2328 hominesque
1037 2261 1101 2328 pro
1130 2236 1218 2306 vitti-

220 2330 285 2423 mis
313 2330 446 2403 feriunt.
488 2329 606 2404 Terrae
634 2330 696 2404 lat'e
725 2350 864 2424 patent,
893 2329 929 2404 &
960 2331 1005 2402 ob
1037 2335 1219 2407 excedentia
1270 2288 1277 2441 l

221 2429 308 2520 ripas
332 2428 402 2500 suas
428 2426 624 2518 plerumque
649 2427 809 2509 flumina,
828 2425 987 2521 nusquam
1010 2454 1081 2500 non
1109 2434 1149 2502 ad
1170 2456 1221 2523 pa·
1274 2448 1277 2463 ¹

203 2524 298 2598 tbuta
337 2524 470 2596 fertiles.
519 2526 655 2596 Alicubi
695 2527 908 2621 usqueadeo
937 2526 1222 2600 sterilesadcar·
1275 2526 1277 2541 '

221 2642 322 2702 tera,
357 2640 394 2694 ur
429 2621 485 2715 qui
521 2619 688 2707 habitant,
722 2625 894 2719 lignorum
926 2644 1099 2719 egentes,
1137 2625 1224 2722 ignes

220 2719 345 2794 affibus
373 2719 468 2794 alant.
909 2728 911 2735 '

317 2890 320 2899 ·
503 2861 812 2948 CAPUT
870 2842 1043 2948 11.»

400 3010 424 3017 U
519 3029 933 3113 Tauroin

176 3286 178 3291 ¹
317 3202 351 3276 Is
377 3187 528 3287 Thracia
546 3200 697 3292 proxima
725 3197 792 3295 esta
816 3221 921 3294 eaque
945 3195 964 3285 'a
991 3195 1125 3268 Pontici
1151 3196 1227 3270 late·
1268 3212 1279 3299 t:

333 3299 376 3373 ris
401 3298 512 3371 fronte
538 3295 638 3391 usque
667 3298 702 3368 in
729 3298 885 3395 Illyricos
912 3295 1043 3388 penitus
1071 3295 1225 3379 immilla,
1268 3300 1280 3353 l

214 3396 280 3507 qui
308 3399 405 3470 latera
429 3398 521 3493 agit,
543 3395 627 3466 Istro
647 3396 836 3489 pelagoque
858 3390 1074 3485 contingitur.
1115 3392 1224 3492 Regio

213 3519 275 3567 nec
303 3496 394 3568 coelo
426 3495 517 3577 lacta,
545 3516 605 3562 nec
631 3489 723 3563 holo:
750 3492 786 3565 δί
812 3488 870 3561 nili
893 3514 956 3585 qua
983 3491 1070 3561 inari
1091 3498 1223 3586 propior

196 3590 284 3675 est,
308 3590 531 3672 infoecunda,
557 3588 705 3685 frigida,
729 3598 915 3680 eorumque
949 3600 1025 3681 q'uae
1053 3587 1224 3671 feruntur,

211 3690 361 3787 maligne
399 3690 582 3762 admodum
617 3689 754 3780 patiens.
807 3686 899 3757 Raro
927 3682 1068 3777 usquam
1114 3690 1223 3780 pomi·

211 3787 316 3873 feram
337 3784 515 3866 arborem,
550 3783 652 3855 vitem
677 3784 884 3875 frequentius
910 3781 1049 3853 tolerat:
1084 3780 1144 3854 sed
1171 3807 1224 3854 nec

208 3883 283 3977 ejus
310 3884 444 3983 quidem
476 3882 604 3954 frudun
640 3901 782 3956 maturat
823 3906 860 3952 ac
888 3879 1049 3974 mitigat,
1084 3880 1148 3952 nili
1171 3881 1224 3953 ubi
1287 3964 1289 3969 Ι

202 3984 340 4089 frigora
369 3982 514 4087 obqelhu
546 3978 721 4051 hundium
744 3978 888 4046 sutores
922 4000 1068 4048 arcuere.
1126 3979 1223 4053 Viros
1287 3976 1295 4041 '.

198 4089 402 4192 benignius
419 4086 534 4170 alil,
566 4101 642 4153 non
672 4078 720 4150 ad
743 4071 896 4166 lpee'xem
922 4086 1062 4137 sennenn
1085 4095 1168 4140 nam
1190 4073 1257 4221 Q
1289 4118 1295 4137 .

217 4196 245 4207 ''
335 4217 341 4228 .
719 4184 721 4188 ¹
1060 4209 1065 4216 ·
1195 4185 1216 4222 Χ
