2859 4709
234 401 307 488 '434
508 468 511 476 ὲ
581 385 890 458 Snuourtt

235 515 384 594 versibus
410 515 579 588 mandavit
613 516 703 588 Olen
741 517 867 612 Lycius
897 513 931 586 in
960 513 1113 613 hymno,
1144 537 1242 609 quem

234 618 269 686 in
303 614 444 687 Achaia
477 612 590 685 fecit:
621 611 742 689 venisse
771 613 900 686 Delum
928 637 973 688 ex
1008 612 1244 710 Hyperboreis

218 711 389 783 ‚Achaim

284 811 327 894 ll·
342 830 423 900 227.
452 813 551 905 Inque
573 806 690 877 Attide
713 828 799 878 terra
815 808 934 880 Clarus
951 810 1070 894 honore
1089 804 1244 906 Lycias.)

235 908 320 979 Non
343 907 483 980 dubium
505 906 569 987 est,
592 904 675 995 'quin
694 904 876 975 Politianus
895 907 936 978 ad
958 903 1126 976 Pausaniae
1145 904 1244 999 ¹verba

236 1003 436 1092 respexerit,
462 1005 518 1093 qui
542 996 630 1091 ¹saepe
657 1004 691 1070 in
723 1002 911 1091 Messeniris
945 1003 1078 1097 Lycum
1108 1019 1246 1084 vatem,

235 1100 435 1191 prophetem
457 1102 494 1175 δι
517 1100 830 1195 fatidicumvocat,
859 1098 997 1191 ejusque
1017 1099 1177 1170 nonnulla
1201 1101 1247 1169 ci-

235 1214 282 1267 tat
312 1201 454 1268 oracula.
491 1195 608 1270 Verba
634 1194 799 1268 Pausaniae
825 1195 859 1263 in
886 1195 1049 1287 principio
1076 1196 1183 1288 quarti
1206 1194 1248 1266 fic

237 1290 370 1364 habent.
411 1297 616 1388 Magnarum
637 1317 712 1363 vero
739 1296 873 1365 dearum
901 1293 1073 1385 (loquitur
1094 1295 1138 1362 de
1157 1293 1249 1366 Mes-

236 1390 368 1460 seniaco
394 1391 551 1481 templo)
588 1390 684 1460 initia
712 1390 821 1460 multis
853 1388 925 1483 posi
954 1393 1132 1462 Cauconem
1156 1391 1250 1462 annis

237 1486 349 1580 Lycus
376 1489 556 1558 Pandionis
584 1481 679 1572 silius
708 1511 803 1578 quam
832 1482 1066 1583 augusliffima,
1098 1510 1251 1582 quamque

238 1583 447 1655 celeberrima
481 1605 516 1655 ut
549 1581 643 1677 esent
672 1581 786 1676 effecit.
829 1583 873 1652 Et
904 1587 1023 1654 tlatim.
1061 1580 1167 1674 Quod
1193 1609 1251 1655 att-

238 1699 303 1750 tem
326 1681 509 1753 Pandionis
538 1682 647 1776 Lycus
668 1678 775 1770 suerit
793 1677 905 1768 filius,
930 1678 1078 1777 quisunt
1102 1684 1148 1752 ad
1178 1685 1253 1752 Me·

239 1778 330 1871 tlrapi
356 1773 496 1876 effigiem
519 1776 630 1864 versus
652 1798 762 1874 aperte
783 1776 959 1848 declarant.
1003 1780 1095 1850 Nam
1118 1777 1161 1854 Φ·
1177 1781 1252 1848 Me·

239 1874 358 1967 tltapus
386 1874 533 1966 quosdam
562 1875 728 1946 initiorum
753 1875 835 1945 ritus
858 1871 1058 1965 reformavit.
1102 1874 1181 1946 Fuit
1205 1876 1254 1948 lrr‘t

239 1993 319 2044 vero
345 1968 554 2063 Atheniensis
572 1972 705 2065 patria,
725 1971 911 2051 initiorum,
933 1990 1200 2067 opertorumque,
1217 1969 1254 2046 (7

240 2065 469 2162 cujusvismodi
486 2069 654 2155 sacrorum
678 2064 877 2161 desgnator:
906 2070 1002 2150 Idem¹
1019 2093 1103 2140 uero
1127 2066 1170 2142 (J
1197 2073 1255 2143 Ca·

240 2164 382 2234 birotum
402 2165 569 2236 Thebanis
593 2165 688 2237 initia
715 2161 890 2260 constitnit:
918 2163 959 2240 Φ·
980 2166 1082 2258 juxta
1107 2165 1256 2265 Lyconi·

241 2259 505 2355 darumxseptum
536 2261 710 2358 imaginem
740 2288 811 2333 cum
840 2259 1047 2355 inscriptione
1081 2262 1254 2335 dedicavit.

242 2359 294 2430 Ea
321 2357 507 2451 inscriptio,
527 2381 623 2450 quum
643 2358 732 2439 alia,
753 2381 820 2430 tum
841 2360 997 2454 imprimis
1020 2385 1094 2455 quae
1118 2357 1163 2432 od
1180 2361 1254 2434 Mr-

244 2455 378 2547 tlrapum
401 2455 566 2552 pertinent
593 2451 739 2551 reflatur.

294 2553 419 2625 Cunila
447 2552 559 2648 Lycus
588 2576 685 2647 quare
711 2550 816 2647 prisco
842 2553 1010 2626 Pandione
1035 2574 1141 2626 cretus

294 2652 488 2721 Andaniam
512 2650 640 2745 mugnis
662 2651 804 2744 portarit
830 2647 962 2747 mystica
988 2652 1143 2722 Athenis.
1255 2626 1286 2687 θ’

243 2746 335 2820 Haec
363 2745 545 2819 Pausanias.
587 2744 743 2838 Suspicor
760 2762 872 2817 autem
896 2771 939 2818 ex
965 2745 1025 2818 illis
1043 2747 1155 2819 verbis
1175 2750 1258 2820 Pau·

244 2844 341 2916 laniae
374 2842 465 2935 (suit
488 2843 541 2915 liic
566 2840 776 2936 Atheniensis
793 2845 926 2941 patria)
958 2847 1138 2934 deceptum
1168 2846 1258 2918 Poli-

245 2942 385 3030 tianum.
436 2943 527 3012 Nam
556 2938 725 3017 Pausanias
752 2943 899 3033 loquitur
923 2942 964 3012 de
990 2940 1180 3032 Methapo,
1208 2942 1259 3037 qui

246 3039 352 3111 multa
375 3036 462 3109 sacra
484 3037 647 3108 constituit
668 3035 756 3130 apud
772 3038 965 3111 Mellenios.
1000 3039 1166 3131 Idemque
1184 3042 1260 3113 Me·

247 3137 367 3230 thapus
394 3137 531 3205 miratur
558 3135 716 3230 Lycum,
743 3137 820 3230 quia
841 3163 884 3210 ex
908 3135 1050 3208 Athenis
1075 3135 1185 3208 multa
1213 3135 1260 3208 sa·

249 3256 305 3304 cra
327 3231 474 3304 intulerit
490 3232 524 3300 in
542 3235 751 3315 Andaniam,
775 3259 849 3327 qua
870 3231 917 3305 est
933 3232 966 3303 in
981 3230 1158 3305 Meffenia.
1196 3233 1262 3307 Hie

249 3330 312 3402 fuit
338 3332 451 3424 Lycus
472 3330 647 3401 Pandionis
668 3330 776 3410 filius,
796 3331 851 3424 qui
874 3329 891 3403 a
915 3329 945 3402 se
968 3331 1111 3425 Lyciam
1134 3356 1262 3426 cogno·

250 3427 410 3505 minavit,
437 3443 533 3497 autor
556 3427 940 3510 Herodotununten.
981 3427 1015 3498 Si
1044 3448 1156 3500 tamen
1184 3455 1263 3502 con·

252 3527 367 3596 tendas
394 3525 577 3617 legendum
603 3527 692 3616 apud
718 3525 919 3598 Politianum
950 3524 1105 3622 Lyrlras,
1128 3527 1193 3598 alia
1216 3528 1265 3599 vit

253 3621 352 3697 nobis
375 3622 569 3691 enitendum
588 3625 660 3691 erit.
701 3623 779 3694 Fuit
800 3623 890 3694 enim
909 3621 1044 3717 Lyches
1065 3649 1189 3720 augur,
1213 3622 1266 3697 sed

255 3717 532 3793 Lacedaemonius
557 3739 702 3810 genere3
728 3719 837 3814 Cujus
861 3718 1044 3793 meminere
1065 3721 1272 3812 Xenophon·

254 3815 290 3886 in
323 3817 406 3886 libro
431 3815 640 3887 Memorabil.
668 3819 824 3895 Socratis.
861 3818 899 3894 lit
930 3815 1135 3893 Herodotus
1160 3820 1277 3893 lih.1.”

256 3911 308 3982 his
332 3912 452 3986 verbis.
501 3911 611 4006 Quum
637 3911 765 4009 semper
792 3915 828 3986 in
864 3916 947 3989 bello
978 3913 1266 3990 Laordaemoniid

259 4005 456 4106 Tegeatilus
479 4007 705 4105 repellerentur
715 4016 734 4094 ‚‘
748 4010 840 4104 miffls
856 4013 1002 4112 Delphos
1017 4014 1266 4109 consultoribus,

1195 4135 1267 4187 ora·
