2859 4709
243 422 250 443 ⁸
354 434 409 487 na
434 429 548 490 staro
573 418 742 488 Orata.
777 415 1027 511 Lih.11.c.5.'
1139 418 1206 512 567

204 544 308 631 imum
324 544 463 635 perfnffa
482 542 574 627 sunt,
590 541 748 616 suffusum
766 567 859 614 mare
878 542 1068 615 ostenditur.
1107 546 1208 619 Unde

205 642 334 723 Graiis,
361 641 541 731 nostriique
566 664 664 712 eoam
684 640 894 725 auci-aribus,
921 639 1034 710 verine
1051 640 1209 732 ignoran.

205 736 263 817 tia,
279 736 319 810 an
337 741 552 830 prudentibus
569 764 666 811 ettam
683 736 1021 904 mendacipiibidinffi
1038 737 1144 815 visum
1164 741 1210 813 est

206 838 328 907 tradere
351 836 508 926 posteris,
534 838 565 906 in
585 863 622 907 ea
640 837 780 927 regione
800 842 923 926 picem
942 831 959 904 i:
978 856 1062 907 terra
1080 838 1211 928 penitus

206 932 294 1012 erui,
315 935 371 1024 qui
399 931 468 1004 ubt·
489 958 532 1007 ex
561 936 628 1005 alto
655 929 824 1025 hocusque
852 936 1057 1022 penetravit,
1087 958 1146 1027 per
1174 958 1213 1005 ea

207 1029 364 1101 foramina
381 1030 450 1102 icio
470 1034 668 1125 captantium
693 1028 887 1101 int'etfe‘cius
904 1029 1096 1100 extrahitur.
1125 1031 1211 1107 Inde

207 1125 248 1199 cst
268 1151 326 1197 ora
349 1129 535 1199 Sordonum
551 1129 704 1222 &parva
728 1127 870 1197 flumina,
887 1124 1056 1199 Thetis&
1071 1126 1214 1207 Threis‚

208 1224 260 1297 nbi
278 1249 453 1298 accrevere
474 1226 642 1317 periarvaa
671 1226 803 1295 colonia
829 1221 1001 1302 Ruscino,
1032 1226 1126 1294 vicus
1144 1221 1215 1290 Eli·

208 1320 291 1392 berii
322 1346 452 1415 magnae
477 1325 644 1412 quondam
668 1322 783 1401 urbis,
810 1322 847 1392 δὲ
881 1344 1076 1413 magnarum
1109 1341 1229 1409 opum..

209 1435 304 1488 tenuo
322 1415 511 1510 vestigium.
549 1419 645 1489 Tum
672 1420 704 1483 in
721 1417 860 1487 Pirenaei
878 1421 1112 1508 promontorio
1131 1434 1218 1489 tem·

209 1515 296 1687 &opp
311 1514 456 1587 Veneris
472 1512 507 1588 ὃς
522 1513 555 1587 in
576 1513 646 1588 finu
660 1512 764 1593 saiso,
779 1512 816 1586 ὅ(
831 1512 990 1587 Cervaria
1008 1517 1122 1596 locus,
1142 1510 1217 1585 finis

246 1635 262 1680 a
288 1632 342 1680 tae.
937 1638 942 1643 ·

488 1728 792 1814 CAPUT
846 1727 936 1812 VI.

452 1896 943 1996 firmanti.

286 2095 448 2169 Yrenaeus
476 2095 584 2188 primo
616 2091 693 2164 hinc
727 2093 760 2163 in
794 2091 1023 2165 Britannicum
1050 2092 1216 2186 procurrit

301 2217 489 2285 oceanum,
513 2210 583 2263 rum
609 2191 643 2260 in
670 2210 770 2262 terras
789 2191 898 2263 fronte
921 2192 1122 2274 conversus,
1138 2186 1218 2261 His·

208 2291 340 2383 paniam
358 2290 534 2381 irrumpit,
560 2288 596 2362 &
625 2289 758 2359 minore
775 2288 845 2379 ejus
870 2304 962 2378 parte
987 2289 1028 2357 ad
1047 2291 1218 2359 dexteram

209 2384 338 2458 extrusa
363 2386 460 2459 trahit
485 2403 642 2476 perpetua
670 2387 768 2457 latera
793 2383 993 2463 continuus,
1023 2385 1129 2457 donec
1156 2408 1217 2548 per

209 2508 346 2557 omnem
371 2485 576 2577 provinciam
604 2481 706 2577 longo
725 2481 829 2553 limite
846 2481 1029 2565 immistus,
1048 2484 1080 2550 in
1104 2508 1141 2555 ea
1175 2482 1218 2559 ir-

209 2598 280 2651 rora
297 2605 371 2674 quae
388 2581 553 2654 occidenti
571 2575 642 2648 sunt
659 2577 812 2661 adversa,
825 2579 1004 2670 perveniat.
1046 2579 1124 2668 Ipsa
1139 2577 1220 2655 His-

208 2680 322 2771 pania,
339 2677 397 2747 niti
414 2703 477 2770 qua
490 2676 614 2753 Galiias
629 2676 758 2771 tangit,
775 2678 895 2769 pelago
915 2676 1063 2767 undique
1080 2676 1220 2765 inducia

210 2773 256 2842 est
271 2801 280 2842 :
294 2773 353 2845 ubi
370 2776 430 2843 iilis
441 2775 615 2857 adheret,
631 2771 774 2845 maxime
792 2770 947 2866 angusta,
964 2772 1117 2862 paulatim
1136 2770 1167 2840 i'e
1187 2774 1221 2840 in

210 2867 361 2940 nostrum
388 2895 477 2953 mare
500 2871 535 2946 &
557 2894 722 2942 oceanum
745 2872 917 2947 extendit,
942 2869 1072 2961 magis,
1095 2865 1222 2961 magii·

212 2992 278 3062 que
295 2968 389 3039 latior
411 2971 451 3037 ad
468 2969 673 3040 occidentem
694 2964 781 3049 abit,
801 2991 838 3037 ac
857 2965 894 3037 fit
912 2965 958 3041 ibi
974 2964 1133 3039 latissima.
1160 2963 1223 3041 Vi·

210 3066 280 3146 ris,
309 3067 426 3157 equis,
452 3064 565 3148 ferro,
591 3064 751 3156 plumbo,
777 3085 859 3145 aere,
881 3084 1044 3159 argento,
1072 3086 1249 3155 auroque.

215 3161 315 3229 etiam
333 3161 523 3242 abundans,
545 3162 581 3234 ὃ(
597 3158 681 3231 adeo
701 3157 841 3238 fertilis,
868 3179 903 3229 ut
927 3159 1029 3233 strubi
1054 3158 1099 3229 ob
1116 3182 1224 3251 penu·

211 3257 296 3326 riam
309 3281 469 3350 aquarum
486 3255 598 3329 effoeta
610 3254 724 3332 ‚atsur
742 3255 900 3327 diffimilis
913 3256 978 3335 est,
991 3257 1095 3329 linum
1113 3276 1224 3336 tamen

213 3370 268 3425 aut
293 3349 437 3445 spartum
457 3355 530 3427 alat.
573 3353 701 3425 Tribus
721 3371 833 3433 autern
855 3352 901 3422 eii
917 3350 1063 3423 distincia
1079 3353 1226 3424 nomini-

213 3448 301 3529 bus,
326 3450 462 3544 parsque
485 3449 554 3540 ejus
573 3446 859 3530 Tarraconensis,
888 3471 961 3537 pars
992 3447 1125 3531 Betim,
1150 3471 1225 3539 pars

213 3543 382 3620 Lufitania
397 3565 546 3621 vocatur.
571 3544 829 3618 Tarraconenfis
842 3544 945 3615 altero
961 3546 1066 3636 capite
1078 3545 1225 3626 Galim,

213 3643 318 3716 altero
341 3643 510 3727 Beiram,
532 3640 807 3737 Lusttaniamque
829 3643 1049 3736 contingens,
1071 3641 1154 3712 mati
1175 3642 1225 3711 ia-

214 3755 284 3811 tera
299 3737 424 3833 ,objicit
445 3738 577 3819 nostro,
596 3761 663 3843 qua
678 3741 875 3822 meridiem,
889 3737 954 3832 qui
968 3735 1225 3828 septentrionem

216 3832 361 3927 specht,
384 3839 545 3927 Oceano:
566 3836 645 3909 Illas
665 3835 790 3908 fluvius
808 3836 896 3906 Anas
917 3835 1065 3927 separat,
1084 3832 1120 3905 or
1146 3832 1225 3925 ideo

217 3932 350 4014 Betim,
371 3935 472 4007 maria
486 3952 626 4027 utraque
646 3931 823 4025 prospicit,
843 3931 886 4003 ab
910 3935 1083 4006 occidente
1105 3928 1227 4002 Arlan-

217 4031 346 4114 ticum‚
366 4031 384 4105 a
404 4033 543 4106 meridie
566 4029 718 4107 nostrum
744 4026 915 4107 Lusitania
938 4051 1069 4105 oceano
1086 4045 1251 4170 tanton}

721 4131 803 4205 Nn
830 4148 861 4228 οι
1158 4134 1229 4180 WQ
