2859 4709
237 381 311 476 326
447 379 517 451 IN
564 378 742 449 Aunr
792 352 1139 448 Pransrr·¹

236 532 329 581 ruam
365 509 541 599 expediere
579 507 896 598 potius··debeami
935 509 1026 579 Sum¹
1054 498 1248 588 Mercurius

235 608 318 684 ribi,
345 629 412 698 ego
439 603 538 675 venio
559 604 656 674 Deus
681 604 766 683 huc,
796 607 887 676 Sicut
909 604 964 672 ille
989 601 1150 695 pingitur.
1190 600 1244 669 Au

235 705 347 773 renuis
378 702 527 792 accipere
555 725 628 791 quae
654 699 713 771 tibi
738 698 864 774 affero?
884 784 886 789 ¹
904 697 1008 787 Visne
1034 718 1072 768 tu
1098 696 1245 792 gaudere

233 796 355 876 bonis,
381 823 454 889 quae
478 797 667 886 reliquero?
716 798 866 889 Supputa
889 815 1002 869 tecum
1036 793 1119 865 hanc
1143 792 1245 864 rario-

233 921 326 967 nem.
380 895 413 966 Si
446 892 535 963 deest
562 893 683 984 aliquid
713 897 928 985 pecuniarum
962 891 1131 969 summae,
1165 886 1245 959 mihi

234 992 352 1075 deest,
386 1013 453 1059 non
478 987 568 1058 tibi:
594 1012 668 1060 nam
699 989 758 1059 ribi
791 1007 902 1062 torum
936 988 1006 1070 est,
1039 988 1074 1062 δι
1101 986 1243 1058 solidum

234 1091 327 1183 quod
354 1110 396 1158 ex
418 1085 607 1157 haereditate
627 1086 816 1179 acquiritur.
860 1087 920 1157 Ne
939 1108 1063 1178 quaeras
1083 1084 1144 1160 ubi
1164 1081 1242 1152 illud

234 1187 326 1279 quod
354 1183 435 1252 mihi
461 1183 542 1253 olim
563 1183 686 1275 legavit
709 1183 848 1254 Stadios.
875 1184 965 1253 ¹Nec
991 1205 1046 1251 me
1067 1204 1166 1254 more
1190 1202 1243 1269 pa·

231 1301 323 1351 rrum
342 1278 526 1372 objurges,
550 1280 606 1370 qui
629 1276 670 1348 lic
692 1278 822 1349 inllant:
848 1277 906 1350 ubi
927 1277 973 1349 cll
997 1276 1141 1355 foenocis
1161 1299 1241 1346 meo·

231 1375 309 1446 ces?
335 1376 434 1445 eriam
457 1373 481 1443 li
501 1374 579 1459 inde
604 1373 750 1467 sumptus
766 1371 946 1466 excerpas?
973 1377 1068 1465 Quid
1089 1375 1186 1448 rellat
1203 1398 1242 1455 ex

231 1474 328 1544 rantis
361 1470 506 1562 opibus?
546 1470 642 1559 Quid
662 1472 829 1563 reliquum
852 1472 921 1553 est,
943 1473 1068 1566 rogas?
1101 1473 1149 1545 ob
1180 1473 1241 1544 hoc

229 1566 339 1638 ¹solum
366 1567 508 1639 verbum
532 1567 633 1644 nihil,
657 1565 681 1635 sr
705 1566 860 1659 polium,
880 1566 938 1639 tibi
961 1571 1126 1661 relinquo.
1179 1573 1242 1641 Ac·

230 1667 315 1735 cede
343 1665 429 1743 huc,
454 1685 555 1754 puer:
586 1665 725 1754 opipare
746 1667 779 1734 iu
802 1665 970 1755 pollerum
992 1667 1071 1735 volo
1096 1669 1239 1739 tradlarir

231 1785 349 1855 ungue
364 1761 474 1830 caules
497 1759 622 1851 majore
637 1762 757 1830 lumru.
795 1764 851 1832 An
873 1785 939 1855 ego
955 1784 1090 1854 parcens
1107 1761 1240 1854 sumpti·

231 1854 296 1928 bus
318 1859 349 1927 in
378 1856 497 1927 diebus
523 1855 611 1929 fellis
638 1858 832 1940 urricautar‚
860 1857 1050 1931 &rancida
1076 1857 1239 1955 syncipitis
1270 1926 1272 1931 .

229 1978 311 2029 aure
334 1954 467 2026 vescar:
494 1971 530 2023 ur
557 1971 631 2022 tuus
651 1952 707 2022 ille
727 1976 829 2044 nepos
850 1951 914 2024 albi
936 1951 1055 2025 anferis
1075 1959 1163 2029 extis
1185 1982 1239 2028 ex·

230 2050 365 2139 plems,
394 2064 496 2143 quum
524 2047 676 2122 Venerea
706 2047 841 2118 libidine
869 2048 1047 2126 incitetur,
1072 2076 1148 2123 rem
1177 2052 1239 2125 ha.-

228 2142 308 2217 'bear
335 2170 411 2216 com
444 2145 583 2217 foemina
610 2146 747 2238 patricio
775 2168 900 2239 genere
934 2144 1057 2232 nara?-
1085 2154 1143 2219 'An
1172 2174 1238 2244 ego

229 2243 426 2313 macilentus
446 2244 580 2318 vivam,
607 2257 643 2310 ut
667 2241 713 2308 illi
734 2239 939 2338 conl'umrori
955 2259 1075 2314 tremat
1103 2265 1236 2318 omento

190 2342 192 2346 ’
230 2364 375 2417 veniet,
402 2358 438 2409 ut
466 2338 610 2428 poppisi
658 2338 778 2412 Vende
806 2341 947 2412 animam
977 2340 1096 2424 lucro,
1122 2364 1160 2415 ut
1191 2342 1238 2414 lo·

229 2435 377 2526 „cupleres
404 2435 591 2507 haeredem:
618 2457 790 2512 mercare,
821 2452 918 2525 atque
947 2459 1048 2533 omne
1075 2437 1161 2511 latus
1187 2465 1237 2511 or·

229 2530 280 2602 bis
309 2530 446 2602 sollicita
475 2553 551 2602 cura
578 2552 707 2599 exerce.
749 2531 842 2602 Cura
868 2549 915 2600 ur·
935 2554 975 2600 ne
1003 2530 1038 2601 fit
1066 2532 1150 2606 alter
1177 2562 1239 2628 po.-

230 2629 297 2696 tior
332 2628 453 2697 alendis
482 2621 741 2715 Cappadocibus
769 2625 866 2696 servis
900 2625 933 2694 in
968 2627 1086 2722 pingui
1114 2632 1237 2704 catalla.

228 2722 320 2794 Rem
349 2723 497 2812 duplica:
527 2723 561 2789 id
584 2718 606 2788 li
630 2719 723 2803 feci,
750 2718 772 2789 li
800 2744 851 2790 res
880 2722 946 2811 jam
974 2718 1019 2794 est
1042 2726 1194 2815 duplex,
1215 2729 1237 2800 sr

226 2821 460 2910 quadruplex,
487 2818 511 2890 fi
537 2819 644 2886 decies
665 2816 877 2906 multiplicata
898 2816 965 2887 eli:
996 2820 1104 2892 nullus
1127 2840 1237 2901 tamen

225 2916 423 3008 praestiturus
446 2914 492 2984 est
515 2912 751 3001 multiplicandi
779 2915 959 2983 terminus:
987 2919 1132 3009 depinge
1155 2924 1240 2992 mihi

223 3008 465 3105 ¹oChryl'rppe
482 3009 545 3097 (tu
570 3011 627 3100 qul
650 3007 765 3078 Soritis
784 3008 950 3098 irnpliciris
972 3016 1149 3084 terminum
1175 3017 1238 3087 lla·

224 3122 319 3176 tuere
348 3105 522 3197 invenisti)
560 3127 628 3195 quo
662 3107 736 3177 loco
770 3104 806 3181 ln
834 3106 955 3180 divitiis
991 3111 1238 3193 accumulandis

222 3200 331 3286 sistere
356 3201 547 3282 debeamus.

544 3392 922 3471 SCH‘OLIA.

220 3578 509 3753 pam-PAOx
519 3586 656 3678 juvenes
680 3589 807 3684 ogirore
821 3591 947 3683 jocos.)
975 3592 1152 3669 Admonui
1178 3597 1233 3671 lae·

469 3705 600 3770 penon
629 3681 691 3752 elle
717 3688 803 3774 apud
833 3692 1068 3778 grammaticos
1101 3697 1236 3767 nomina·

220 3779 412 3849 communia
427 3775 573 3848 ‘duobus
598 3779 788 3871 g-›neribuc
833 3782 1051 3867 Adolescens,
1076 3790 1234 3873 Iuvenis,

219 3875 322 3966 uigil,
351 3873 463 3968 pugil,
492 3875 651 3960 adjedlrva
678 3875 766 3947 lunt:
791 3894 845 3954 ur,
876 3878 993 3975 vigiles
1019 3886 1154 3968 oculos,
1170 3886 1232 3981 jac.

218 3990 314 4050 vcors
335 3994 456 4060 uranos,
478 3965 617 4069 luanus
637 3992 778 4078 pucros,
808 3970 875 4051 occ.
915 3978 922 3987 '
1110 4075 1141 4154 L
1188 4073 1220 4152 d

704 4100 710 4107 ’
1081 4132 1097 4143 -
1144 4097 1187 4152 lm
