2859 4709
256 386 261 405 ¹
354 394 1043 496 tanrrtruncAusourn
1131 428 1204 510 257

194 533 270 606 ¹vini
296 535 391 632 lege:
422 539 582 632 Quinque
605 538 711 627 bibe,
734 541 768 611 id
794 538 866 615 est,
890 557 955 610 tres
977 563 1070 632 aquae
1095 562 1204 631 partes

197 632 327 704 duabus
361 637 430 705 vini
463 640 677 707 accommoda
701 664 710 705 t
738 636 797 706 tria
826 635 937 711 bibe,
966 639 1009 706 id.
1027 635 1093 714 est,
1126 640 1207 711 duat

197 751 293 820 aquae
317 752 425 820 partes
442 735 507 805 -uni
530 733 602 801 vini
628 731 756 804 misce:
779 731 814 807 &
843 757 885 802 ne
909 753 1046 822 quater,
1074 732 1109 801 id
1135 733 1206 819 est,

197 847 267 894 non
292 828 373 899 duas
397 851 489 920 aquae
515 829 641 902 duabus
666 831 754 910 vini,
774 831 808 899 id
829 832 986 921 adagium
1009 831 1132 902 Gtaece
1152 853 1206 900 re-

197 919 305 991 fertur
324 929 426 1016 'apud
462 927 615 999 Plautum
646 928 680 996 in
710 927 841 999 Sticho:
879 928 945 994 Sed
969 927 1044 1018 quia
1071 927 1205 999 Servius

197 1018 286 1088 male
301 1020 448 1092 recitavit
462 1024 635 1116 adagium,
649 1040 686 1093 ut
710 1025 751 1092 ad
768 1022 861 1092 suum
887 1025 1108 1093 commodum
1130 1047 1206 1093 vet·

198 1111 281 1184 bum
306 1139 558 1209 corrumperet,
579 1146 639 1191 nec
666 1117 842 1200 Erasmus,
866 1143 975 1210 neque
1001 1117 1208 1216 Lambinus,

199 1231 310 1304 neque
333 1217 415 1287 allus
434 1216 540 1287 adhuc
560 1219 640 1289 illud
653 1218 742 1286 teile
758 1218 866 1306 potuit
891 1216 1064 1305 explicare.
1099 1218 1208 1306 Quae·

200 1307 243 1377 rit
263 1309 351 1380 enim
377 1311 527 1383 Stichus:
554 1334 635 1406 quot
667 1311 805 1408 cyathos
826 1309 1002 1382 bibemus?
1027 1312 1206 1402 respondet

199 1403 299 1476 alius:
328 1409 423 1488 Tot,
455 1427 537 1502 quot
562 1411 659 1506 digiti
681 1411 754 1478 lunt
778 1407 839 1477 tibi
869 1410 910 1476 in·
925 1407 1101 1480 manibus:
1128 1433 1207 1482 nam

200 1503 310 1572 cantio
333 1506 454 1579 Graeca
481 1504 548 1576 ell:
572 1512 615 1578 Et
637 1506 771 1602 quinque
796 1503 887 1584 hibe,
909 1504 944 1578 &
966 1526 1030 1575 tres
1053 1505 1140 1586 tite,
1168 1509 1207 1592 ὃς

193 1597 405 1692 semiqunter.
428 1603 584 1675 hailenus
612 1607 677 1674 ille.
723 1606 788 1673 Sed
810 1603 978 1692 corrupit,
1004 1601 1041 1674 ὅ(
1066 1605 1207 1678 mutavit

199 1707 320 1779 uro,
344 1695 376 1766 in
401 1714 482 1770 unt.
507 1697 544 1772 ὃς
568 1724 612 1772 ex
636 1696 774 1772 vocibus
807 1715 898 1776 Mu,
931 1713 1139 1778 rerunt,
1171 1701 1206 1770 id

202 1790 275 1869 esti
301 1793 352 1862 vel
374 1818 415 1866 ne
440 1814 569 1888 quater,
596 1798 673 1868 fecit
695 1809 984 1875 mmmm
1010 1800 1043 1865 id
1069 1795 1133 1871 eil,
1158 1793 1207 1865 se·

200 1889 384 1981 miquater‚
407 1895 441 1962 id
459 1893 527 1973 est,
541 1897 667 1966 decem.
709 1897 764 1966 Sic
782 1898 921 1964 dicimus
935 1890 1102 1980 Hispane,
1119 1893 1207 1964 Dios

202 2009 259 2056 nos
283 1989 324 2058 de
335 1987 452 2075 sadud:
468 1991 504 2063 δε
521 1991 606 2060 Dios
628 2017 726 2064 noos
750 1995 790 2063 de
801 1993 922 2078 sathtd:
950 1991 981 2057 in
1001 1993 1110 2078 primo
1131 2006 1207 2074 pre-

203 2103 338 2192 effamur,
362 2089 395 2155 in
420 2088 523 2158 altero
553 2085 798 2181 imprecamur,
822 2112 900 2160 curn
933 2085 1027 2157 simili
1054 2105 1210 2177 pronum

203 2194 350 2251 tratione.

252 2279 338 2368 im.
366 2282 546 2372 imparibus
568 2280 718 2371 novies.)
738 2280 770 2352 id
792 2280 857 2362 est,
880 2283 969 2351 idem
992 2279 1071 2374 juris
1088 2285 1135 2356 est
1151 2285 1210 2355 tri·

158 2372 162 2381 “
200 2371 265 2445 bus
288 2377 458 2454 numeris,
484 2382 575 2468 quod
601 2397 651 2449 ter
676 2377 802 2455 tribus,
829 2381 868 2449 ad
893 2399 1087 2450 contextum
1111 2381 1210 2464 cubi,

204 2471 237 2538 id
253 2472 319 2548 est,
334 2475 463 2543 numeri
478 2476 632 2565 quadrati.
657 2474 774 2546 Cubus
793 2475 838 2544 est
855 2498 1013 2547 numerus
1026 2479 1209 2566 produclus

204 2592 247 2639 ex
273 2570 544 2661 multiplicatione
566 2570 614 2642 sui
636 2573 670 2640 in
694 2570 905 2662 septimum,
932 2571 1050 2641 deinde
1073 2574 1105 2642 in
1129 2597 1211 2664 pro·

204 2666 346 2736 dublum
371 2690 414 2736 ex
438 2667 711 2759 multiplicatione
736 2690 972 2738 numerorum:
999 2683 1036 2734 ut
1061 2687 1110 2739 ter
1136 2687 1213 2738 ter·

204 2784 244 2832 na
271 2784 305 2852 9.
335 2760 371 2834 ὅ(
394 2782 443 2832 ter
471 2788 600 2834 novena
628 2786 684 2856 27.
730 2765 893 2854 Quadrati
919 2781 1030 2833 autem
1058 2767 1211 2838 dicuntur

202 2859 427 2951 numeri,qui
454 2860 488 2928 in
515 2859 546 2930 se
571 2861 848 2953 multiplicantur:
876 2879 913 2929 ur
938 2861 1055 2929 decem
1083 2867 1213 2934 deciesz

202 2956 378 3047 quinquies
400 2958 554 3048 quinque.
597 2958 662 3027 Sed
685 2959 754 3028 haec
778 2958 872 3029 latius
894 2957 1089 3033 Macrobius
1111 2961 1211 3038 lida.

202 3076 230 3122 c.
249 3074 279 3131 2..
307 3053 342 3120 in
368 3053 474 3123 Somn.

253 3150 332 3240 pq.
347 3150 461 3217 Forma
476 3149 613 3221 hominis
627 3154 741 3246 cepti.)
764 3152 909 3223 Inchonti
923 3150 1066 3221 hominis
1079 3151 1213 3246 lignum

202 3269 329 3314 novem
354 3243 469 3315 diebus
493 3247 696 3342 intelligitur.
737 3252 818 3319 Plin.
844 3250 895 3319 lid.
910 3269 942 3338 7.
966 3268 1035 3344 cap.
1048 3250 1079 3322 6.
1115 3249 1215 3338 Hip-

202 3366 280 3433 poc.
303 3340 482 3412 denatura
498 3341 600 3431 fetus
631 3343 801 3438 trigesimo
834 3349 886 3416 dte
911 3345 1048 3418 formari
1077 3346 1143 3414 ait:
1176 3341 1214 3418 δί

198 3440 303 3508 tertio
330 3439 439 3508 menl'e
467 3441 605 3510 moveri.

251 3535 407 3627 Plenaque
428 3537 553 3608 exodio
575 3535 729 3628 portus.)
755 3539 893 3610 Novem
918 3537 1083 3609 mensibus
1107 3533 1218 3626 legiti-

203 3653 280 3701 mus
317 3650 428 3722 partus
462 3635 667 3727 intelligitur.
714 3636 852 3721 Antiqui
886 3634 1013 3723 semper
1048 3629 1219 3700 decimum

197 3724 353 3798 mensem
377 3730 553 3812 dixerunt,
570 3748 605 3800 ut
624 3729 778 3806 Plautus,
805 3732 915 3825 Virgo
934 3756 973 3801 ex
997 3754 1033 3800 eo
1056 3721 1219 3819 compreffic

198 3827 350 3922 gravida
363 3823 458 3913 suida
479 3825 543 3918 est,
569 3822 678 3917 menfis
700 3828 752 3894 hic
774 3823 815 3919 ιβ
838 3828 987 3919 decimus.
1028 3826 1138 3894 Idem.
1169 3824 1223 3891 Eo

199 3922 330 4019 peperit
362 3922 484 3993 decimo
511 3923 623 3992 exotio
655 3923 759 4010 mense
784 3919 862 4015 posi.
915 3926 988 3995 Sed·
1012 3922 1060 3993 illi
1093 3916 1222 3990 mentes

198 4037 299 4107 crant
325 4018 473 4099 lunares,
500 4030 536 4090 dc
558 4019 673 4091 nostris
696 4024 854 4091 minores,

277 4116 335 4192 fr.
351 4115 477 4231 Sanllii
491 4119 593 4211 Oper.
618 4116 785 4231 romu.
921 4115 963 4189 R
1132 4108 1226 4206 lon
