2859 4709
557 386 855 509 Mauro.
1136 442 1209 537 385

206 557 479 654 315Plauserunt
504 560 622 631 hilares
647 561 691 629 ael
719 580 810 629 tanea
832 555 963 631 oricula
985 561 1100 650 Musae.

279 656 470 742 Plaustrum
496 658 679 752 Nympha,
695 657 810 749 quique
835 654 937 730 altori
957 661 1077 730 vertice
1094 660 1210 731 mantis

276 748 457 844 Affuerat‚
480 755 627 849 capripes
649 753 795 845 concuffit
820 775 938 824 cornua
965 757 1105 826 Faunus.

277 853 323 921 Ee
344 853 489 946 triplices
514 872 638 920 carmen
653 847 813 942 scripsere
838 850 1006 920 adamante
1019 846 1163 938 farcies.
1208 872 1211 879 ·

278 947 349 1019 Vos
375 971 436 1042 age
453 947 683 1018 nuncalacres
708 947 856 1016 certatim
877 948 1034 1032 Etbrusca
1052 948 1209 1041 juventus

203 1060 276 1131 320
286 1044 411 1114 Aoniis·
431 1063 562 1138 operam
579 1043 685 1129 sacris
713 1046 871 1114 accurrite
894 1067 1014 1113 mecum

205 1143 208 1149 ’
275 1140 417 1210 Daeeiala
436 1141 585 1236 perpetui
610 1139 712 1227 visum
739 1160 936 1209 monumenta
960 1141 1089 1234 poi'tae,

220 1276 224 1283 ·
272 1234 398 1325 Qualia
422 1261 481 1307 nec
506 1233 598 1330 castae
621 1238 726 1331 peplis
748 1237 874 1306 intexta
900 1238 1066 1309 Minervae

275 1335 423 1405 Sollenni
445 1355 568 1403 ueteres
591 1329 684 1426 lustro
709 1327 903 1426 explicor‘flis
919 1329 1061 1405 Aebenae
1155 1359 1159 1368 ·
1211 1350 1217 1362 '

274 1429 369 1500 Piceo
395 1430 492 1499 rubro
516 1431 636 1524 quoties
663 1432 844 1500 animantur
864 1433 981 1522 proelia
1001 1456 1107 1504 cocco.
1240 1490 1243 1496 .

203 1539 273 1617 325
284 1529 357 1598 Nec
371 1547 462 1597 vetut
477 1524 655 1611 immensum
668 1524 795 1614 fuerint
811 1550 882 1618 quae
893 1527 1005 1622 sparsa
1021 1549 1081 1624 per
1098 1529 1205 1600 orbem

273 1623 410 1701 Gloria,
423 1622 557 1717 septena
575 1623 712 1692 celebrat
729 1622 915 1716 spellacula
932 1623 1032 1710 fama.

271 1721 364 1791 Nam
386 1743 483 1812 neque
505 1720 669 1814 belligeris
695 1721 846 1813 Babylon
864 1719 991 1811 pulsata
1017 1721 1189 1818 quadrigis.

220 1893 223 1897 ,
274 1816 417 1907 Moenia,
442 1839 501 1886 nec
526 1810 645 1910 liquido
667 1819 814 1907 pomaria
834 1815 976 1911 pendula
1003 1819 1076 1888 culo

272 1910 445 2002 Conferat,
470 1935 528 1983 aut
553 1913 678 1984 dextris
705 1909 878 2007 corfirulln
904 1914 1025 1983 altaria
1052 1917 1156 1988 Delos

199 2024 273 2097 330
283 2009 458 2090 Cornibus,
482 2030 538 2081 aut
563 2005 640 2103 uasti
662 2011 774 2081 molem
802 2011 936 2081 Ritcelos
955 2011 1059 2079 aurea
1082 2011 1201 2085 Plebi.

270 2108 369 2185 Non,
395 2109 496 2178 Cares
523 2104 692 2192 Mausole‚
713 2108 762 2179 tui
786 2108 949 2178 caelamina
973 2100 1073 2196 bufli,

270 2202 460 2274 Phidiacum
483 2224 545 2272 non
570 2205 643 2274 Elis
667 2201 763 2281 eburi
777 2229 841 2275 non
866 2202 936 2296 ipsa
947 2203 1105 2298 superbas

270 2301 467 2395 Pyramidas
486 2298 588 2392 jallet
611 2301 723 2386 lascivi
747 2303 858 2396 lingua
882 2300 1017 2374 Canabi.

267 2397 417 2493 Namque
443 2397 510 2468 iteca
537 2417 593 2466 aut
618 2397 727 2467 valido
749 2399 898 2491 Neptuni
921 2395 1022 2491 quaffa
1044 2399 1202 2473 tridenti:

195 2500 351 2584 335Aut
375 2495 461 2573 tela,
487 2496 649 2576 Sumam,
676 2517 732 2564 tuo
756 2518 884 2564 traxere
905 2499 1054 2565 ruinam:

267 2596 341 2660 Aut
363 2590 505 2664 trucibus
530 2591 668 2673 nimbis,
694 2613 750 2661 aut
776 2595 835 2662 ira:
862 2592 1003 2661 obnoxia
1030 2590 1156 2670 Cauri,

265 2695 339 2759 Aut
366 2689 472 2762 tacitis
498 2687 576 2758 lenti
596 2687 760 2784 perierunt
786 2687 931 2758 dentibus
957 2688 1031 2759 ceni.

267 2791 318 2855 At
344 2807 450 2856 manet
474 2806 643 2876 aeternum,
669 2786 710 2859 (Ψ
723 2787 815 2871 seros
841 2787 984 2855 excurrit
1011 2789 1046 2857 in
1073 2813 1176 2861 annos

268 2881 367 2955 Varis
387 2904 486 2979 opus,
508 2885 643 2974 dumque
662 2884 697 2953 in
718 2885 816 2954 tacita
836 2906 923 2975 vaga
936 2881 1059 2979 sydera
1080 2889 1200 2959 mundo

194 2993 265 3064 340
275 2981 476 3074 fulgebam,
499 2979 573 3049 dcem
587 2977 641 3064 sol
665 2981 770 3074 nigris
798 2982 919 3050 orietur
944 2982 983 3050 ab
1009 2982 1103 3055 Indis

253 3079 398 3148 -Preeuia
422 3075 564 3168 luciferis
594 3074 698 3144 aderit
725 3080 798 3146 bum
825 3077 966 3148 curribus
995 3082 1086 3159 Eos,

264 3173 356 3245 Dum
373 3199 429 3245 ver
454 3170 553 3266 tristis
569 3173 700 3266 hyems,
723 3194 906 3244 autumnum
924 3174 1067 3268 proferet
1088 3176 1199 3274 astas,

264 3273 416 3364 Dumque
433 3273 513 3362 fluet
528 3269 679 3362 spirans,
696 3271 870 3364 refluetque
887 3272 1047 3362 reciproca
1059 3272 1197 3358 Thetis,

267 3369 357 3437 Dum
378 3369 478 3438 mixta
503 3369 644 3437 alternas
667 3370 790 3459 capient
811 3368 964 3437 elementa
982 3368 1132 3464 figuras,

190 3467 399 3558 3458emper
422 3467 482 3535 erit
506 3463 616 3554 magni
644 3461 738 3532 decus
764 3462 942 3532 immortale
956 3467 1126 3539 'Maronis
1221 3478 1231 3484 ’“

263 3563 395 3654 Semper
417 3557 609 3653 inexhaustis
631 3557 721 3628 ibunt
746 3559 814 3628 lues
829 3560 972 3655 flumina
992 3560 1108 3636 venis,

160 3700 166 3706 -
261 3663 396 3753 Semper
422 3659 463 3728 ab
489 3659 540 3727 bis
568 3653 654 3726 aaut·
678 3659 835 3727 ducentur
852 3656 1000 3747 fontibus
1028 3655 1174 3750 ltaulius,¹

261 3761 394 3846 Semper
418 3757 572 3826 odoratos
586 3750 729 3841 fundent
755 3750 823 3819 ltaec
843 3752 1142 3848 graminaflores,

263 3855 357 3925 Unde
378 3853 444 3949 piae
467 3850 577 3922 libetis
599 3865 696 3939 apes,
724 3847 807 3918 unde
830 3848 1074 3949 inclytalnellat
1166 3890 1175 3900 -

188 3952 367 4041 35oSerea
394 3950 490 4022 comis
522 3948 643 4040 triplici
667 3945 836 4023 luvenalis
861 3946 972 4041 gratia
989 3942 1118 4017 dextra.

261 4046 379 4139 Ecquis
406 4047 456 4125 io,
470 4045 633 4137 juvenes,
656 4044 741 4115 ranei
766 4041 920 4115 miracala
946 4036 1080 4136 lustrum

234 4141 547 4233 Frzsaouiioper.
574 4141 728 4226 Tamll,
892 4137 951 4213 Bb
1079 4092 1279 4247 'Eros
