2859 4709
235 409 318 475 120·
418 387 472 482 Q.
508 384 764 461 Hortamrr
797 384 999 457 Fuscos

232 529 297 573 care
307 550 317 580 ,
328 509 394 588 quid
413 529 475 589 apte
485 550 493 578 ,
503 529 550 572 aut
562 511 656 588 inepti
676 511 704 572 fit
717 510 906 588 compostum.
927 515 1041 582 Quanto
1054 499 1177 572 restitas}

231 591 364 668 iuquam,
384 592 448 653 esset
469 592 487 650 li
506 611 633 659 mecum,
655 594 722 651 dum
739 609 900 668 compono,
923 591 1105 668 pensitarem,
1126 606 1178 646 ne«

230 671 338 730 minem
360 669 440 740 esse,
465 671 512 746 qui
538 690 594 729 non
617 686 706 731 errata
727 691 790 733 toea
817 670 987 736 consideret,
1010 671 1093 745 quim
1117 663 1175 726 sino

229 751 295 828 lege
316 750 429 826 vagari,
459 753 490 811 &
520 748 659 810 licentiam
682 749 797 829 indign&
819 750 951 810 Romanis
976 750 1069 809 datam
1095 744 1175 804 usur·

228 844 304 906 pare.
339 832 403 888 Hoc
423 829 510 889 uitare
531 828 642 907 culpam
663 827 719 893 est,
738 849 795 888 non
816 845 909 889 autent
927 829 1039 888 laudem
1061 823 1174 886 mereri.

227 907 304 967 Hinc
328 906 410 986 igitur
430 907 561 984 praecipio
580 907 681 976 uobis,
700 908 830 975 Pisones,
853 925 883 968 ut
906 907 1014 983 dimissis
1039 903 1174 965 Romanis

229 985 317 1063 politis
324 1024 333 1054 ‚
351 990 388 1046 ad
406 989 568 1047 Graecorum
591 987 687 1066 scripta
710 987 843 1048 imitanda
865 1003 937 1048 totos
957 1005 1009 1047 vos
1027 981 1173 1047 noctibus,

228 1083 313 1141 atque
334 1064 432 1127 diebus
453 1065 626 1127 conversatis.
666 1068 772 1129 Nescio
797 1065 872 1128 enim
891 1074 958 1142 'quo
1003 1059 1173 1135 actonotlri

229 1147 348 1220 majores
377 1145 462 1203 Plauti
488 1145 598 1213 versus,
618 1165 765 1213 numeros,
789 1145 953 1208 &facetias
979 1084 1173 1204 laudaverunt.

226 1223 324 1283 Petrei
347 1223 415 1281 milri
434 1221 581 1292 videntur,
602 1245 637 1286 ne
660 1224 752 1285 dicam
772 1225 891 1294 stultos,
909 1223 955 1302 qui
976 1223 1040 1284 talia
1066 1221 1172 1280 miran-

224 1316 287 1369 tur,
303 1300 323 1360 li
340 1303 428 1362 modo
447 1322 501 1380 ego
520 1305 550 1364 dt
567 1323 618 1364 vos
642 1303 740 1365 scimus
761 1304 827 1381 quid
844 1303 874 1363 sit
894 1324 978 1370 vera,
995 1305 1026 1362 dt
1046 1300 1172 1380 legitima

158 1382 161 1387 ’
223 1379 387 1458 compositio
407 1383 552 1450 carminis,
571 1386 602 1444 &
623 1387 690 1458 quid
707 1384 806 1444 dillent
826 1384 920 1444 scurrae
939 1384 1048 1442 dicaces
1067 1384 1104 1440 ab
1121 1399 1168 1438 ur·

168 1494 172 1504 ·
220 1459 321 1526 banis,
344 1462 374 1520 ὃ(
398 1461 571 1540 elegantibus
590 1463 685 1531 diciis,
705 1462 873 1542 distinguere
896 1462 1045 1536 aliquando
1067 1457 1170 1518 didici-

219 1558 291 1598 mus.
327 1542 386 1601 Sed
403 1543 441 1600 de
458 1541 577 1608 ordine,
599 1544 743 1619 junciura,
762 1544 793 1604 &
807 1561 927 1612 numero,
943 1544 1001 1601 hec
1023 1537 1071 1597 sint
1084 1537 1171 1600 disiai

219 1615 307 1676 Nune
328 1619 364 1680 de
381 1621 486 1698 decoro
509 1620 587 1683 circa*
603 1625 731 1701 personas
749 1621 777 1682 in
796 1621 939 1685 comoediis
960 1619 1097 1684 seruando
1117 1635 1170 1680 tte·

220 1694 330 1760 cessaria
352 1699 528 1780 disputemus.

383 1845 1010 1946 Auuornrronan

256 2019 319 2105 'Quo
332 2021 411 2100 scribi
430 2019 521 2103 poffem
539 2021 680 2100 numero.)
721 2020 893 2083 Traslationi
918 2019 981 2080 huic
1003 2023 1039 2081 de
1064 2039 1166 2082 nume·
1190 2036 1192 2040 '

217 2099 270 2171 ris,
292 2105 398 2180 (quam
425 2122 473 2173 per
494 2102 629 2160 tredecim
656 2097 804 2161 versiculos
827 2098 944 2162 creditus
968 2100 1007 2159 effi
1032 2100 1164 2160 basianus

216 2181 348 2242 flotarius
376 2179 557 2258 explicuisse)
586 2178 825 2260 vigintiquatuor
850 2180 945 2240 uersus
971 2199 1025 2254 ego
1052 2181 1164 2257 adieci,

216 2261 264 2334 qui
292 2260 319 2316 in
341 2259 462 2319 alienum
487 2258 581 2318 locum
609 2258 769 2336 scriprorum
801 2258 968 2340 negligentia
990 2258 1162 2331 irrepserant.

215 2339 267 2395 Ex·
281 2338 332 2397 illo
355 2340 439 2399 loco:
458 2337 562 2410 Syllaba
583 2339 663 2419 longa
684 2341 760 2398 brevi
779 2333 895 2417 fisbreslu
914 2355 1023 2395 uocatur
1047 2341 1162 2399 iambus.

214 2414 245 2476 Si
269 2437 368 2478 verum
394 2418 557 2486 examines,
577 2416 685 2481 videbis
702 2420 797 2479 omnia
818 2418 888 2477 inter
908 2417 937 2475 se
957 2415 1072 2476 mirificd
1093 2438 1163 2492 qua-

212 2497 313 2563 drare,
336 2497 382 2558 sed
402 2495 473 2555 illud
490 2517 551 2557 rem
570 2495 657 2573 ipsam
675 2496 810 2574 praecipue
828 2495 1018 2563 demonstrat,
1031 2499 1107 2572 quod
1124 2499 1161 2556 ab

212 2575 373 2636 Homericis
394 2575 515 2636 numeris
537 2575 669 2650 incipiens
694 2577 724 2637 in
746 2578 831 2640 Plauti
857 2574 979 2637 numeris
1001 2576 1171 2651 vituperem¹

212 2652 254 2713 dis
274 2655 370 2714 definit
391 2653 550 2725 disputatio.
719 2663 723 2671 '

186 2791 191 2801 ,
252 2736 369 2792 Alternis
386 2752 474 2816 aptum
484 2733 647 2817 sermonis.)
689 2737 788 2795 Praeter
806 2754 840 2796 ea
856 2753 917 2812 que
933 2733 1046 2794 adducit
1059 2735 1163 2794 Lumbi

213 2813 325 2890 egregi&
353 2813 418 2874 facit
447 2813 518 2873 iilud
553 2815 646 2875 Cicer.
677 2815 706 2871 t'u
739 2821 843 2875 Orator.
872 2812 990 2893 perfosso.
1024 2816 1160 2892 Magnam

210 2892 346 2968 (inquit)
367 2908 465 2967 partem
484 2913 515 2951 ex
534 2895 629 2951 lamiis
651 2893 737 2969 nostra
756 2893 851 2971 constat
867 2897 957 2951 oratio.

251 2975 286 3028 Et
299 2969 432 3051 populares
447 2973 541 3055 nine.)
582 2973 615 3030 ld
636 2970 696 3037 est,
716 2972 779 3047 quia
799 2975 922 3046 prorsam
937 2971 1109 3035 ontionem,
1125 2968 1160 3029 &

210 3050 375 3125 popularem
394 3050 526 3128 loquendi
549 3047 689 3128 strepitum
708 3051 813 3117 vincit,
833 3053 863 3111 δι
882 3068 1034 3129 exuperat,
1051 3051 1081 3108 id
1101 3045 1161 3114 est,

210 3129 275 3204 quia
295 3130 323 3190 se
342 3129 422 3190 altius
442 3130 550 3189 extollit
564 3168 572 3196 ,
587 3151 670 3208 quam
689 3131 833 3208 popularia
852 3133 982 3209 negotia,
995 3148 1046 3192 uec
1064 3144 1160 3188 tamen

210 3208 247 3269 ud
266 3206 388 3268 Heroica
406 3207 521 3287 assurgit.
552 3211 607 3271 Hre
626 3229 683 3269 non
704 3209 795 3286 placet
815 3212 944 3271 Lambin.

250 3290 322 3346 Unde
337 3290 416 3346 etiam
435 3290 559 3346 trimetris
575 3289 710 3366 accrefiere
723 3287 826 3368 suffit.)
867 3292 997 3351 Verbum
1010 3284 1082 3369 ¹suffit
1095 3306 1160 3347 om-

208 3383 259 3426 nes
276 3367 436 3444 interpretes
457 3368 534 3426 dedit
548 3368 714 3444 precipites,
730 3367 793 3443 quin
813 3388 870 3427 non
886 3366 1084 3432 intellexerunt
1104 3366 1160 3440 effe

206 3447 273 3506 duas
298 3464 386 3524 partes
405 3445 544 3508 orationis.
585 3447 835 3518 Quemadmodum
862 3447 932 3509 infra
961 3448 1033 3507 dixit
1061 3450 1161 3509 Horat.

207 3526 246 3581 Sit
260 3530 304 3594 jtu
315 3535 328 3595 ,¹
341 3526 466 3604 liceatque
487 3528 570 3604 perire
586 3529 673 3604 postis.
706 3526 750 3587 Ita
770 3526 857 3586 sensus
878 3525 937 3594 est,
960 3527 1044 3587 liceat
1061 3524 1158 3590 vocari

205 3603 359 3665 trimetrum
378 3604 458 3663 illum
485 3605 612 3670 uersum,
632 3625 716 3681 quum
742 3609 772 3665 fit
790 3606 930 3673 senarius,
952 3609 985 3668 &
1006 3607 1085 3667 senos
1104 3605 1158 3666 ha·

206 3682 381 3759 bearpedes.
424 3682 528 3744 Similis
544 3703 621 3744 error
641 3683 681 3744 est
701 3688 773 3764 apud
791 3691 910 3747 Varron.
933 3687 1009 3754 lib-5·
1025 3688 1092 3762 ling.
1111 3687 1158 3749 lat.

141 3768 143 3775 '
206 3763 241 3817 Et
263 3781 290 3820 nt
299 3764 369 3844 iufflt
388 3767 485 3821 vinum
508 3765 609 3838 legere,
628 3785 700 3842 agna
715 3768 779 3828 lovi
789 3764 863 3844 satit.
888 3767 973 3844 lego,
995 3782 1025 3823 ttt
1043 3769 1085 3831 ius
1097 3764 1152 3842 fit,

204 3838 234 3897 it
256 3838 314 3906 cll,
342 3844 370 3900 fit
396 3845 443 3917 jus.
476 3842 547 3901 Item
568 3849 641 3916 apud
670 3844 782 3904 felium
809 3847 836 3900 in
857 3862 929 3904 voce
952 3861 1045 3911 taxat,
1070 3863 1157 3922 quum

197 3920 373 4055 proscribitur
397 3924 484 4002 quoad
515 3922 539 3983 el
558 3919 627 4006 iufflt
647 3922 803 4008 platututlt‘g
826 3924 881 4002 leg.
905 3928 951 4007 ists
961 3922 1070 4009 supid
1095 3921 1155 3992 est,

226 4014 302 4079 trus·
647 4072 652 4081 .

1116 4083 1152 4151 itt
