2859 4709
258 528 259 533 Ν
336 395 724 514 ns's1nuORsrs.
761 442 1004 535 Limici-14
1089 439 1246 538 ’'571'

204 557 268 632 hiae
288 560 323 637 δι
341 563 521 660 AEgathes,
540 564 692 639 Romana
715 564 809 637 clade
828 563 1072 637 memorabiles.
1108 567 1185 645 Plu·

205 682 235 730 es
258 660 404 755 Europae
427 665 589 736 littoribus
611 661 682 737 sunt
703 661 869 755 appositae.
908 663 950 734 In
966 664 1080 757 AEgeo
1103 665 1196 738 macir

208 780 289 925 fre
301 758 481 931 {sss
500 761 1187 933 eleusinius‘snas

207 878 337 1063 lsando,
363 883 517 1029 dmlibds
536 887 593 1050 qdi
610 903 717 1030 mare’s
738 977 827 1034 erant
849 913 956 1042 caefis,
973 886 1099 1028 tadtum
1118 958 1188 1041 foes

208 1072 282 1122 rrnae
305 1053 441 1125 tenuisse
472 1059 645 1137 dicuntur,
675 1053 767 1126 Atho
794 1057 901 1126 monti
924 1055 1096 1130 Lemnos,
1121 1058 1188 1127 ad-

209 1144 282 1219 ersa.
324 1151 485 1247 Pagaseus
507 1151 592 1225 sanus
616 1153 783 1251 Scyarhon
805 1150 1187 1247 prospicit,Gicyneton

210 1246 399 1336 npledlitur.
426 1252 559 1324 Euboea
573 1253 614 1322 ad
631 1251 807 1323 meridiem
828 1252 1098 1342 promontorium
1112 1251 1188 1326 Ge-

210 1341 290 1415 ellon
322 1347 620 1440 &Caphereumz
654 1348 695 1418 ad
724 1345 979 1438 septentrionem
1012 1343 1189 1421 Coeneum

211 1443 347 1522 rtrudit',
361 1444 398 1518 ὅ(
412 1444 571 1538 nusquam
586 1444 669 1524 lara,
688 1445 795 1514 duum
811 1444 954 1516 millium
967 1441 1113 1538 spacium
1130 1443 1190 1517 ha·

211 1558 238 1610 et
262 1540 321 1610 ubi
342 1540 517 1613 ardiiffinra
535 1540 604 1619 est,
622 1557 780 1632 caeterum
799 1544 920 1636 longa,
940 1544 1069 1636 torique
1085 1547 1190 1616 Boeo·

211 1635 427 1728 emposta,
443 1638 582 1737 angusto
605 1638 691 1713 freto
715 1638 809 1712 dislat
831 1636 850 1708 h
871 1638 991 1712 littore.
1033 1643 1189 1731 Euripon

211 1754 305 1804 ocant
328 1737 479 1829 rapidum
510 1763 628 1821 mare,
654 1736 691 1812 &
715 1737 841 1811 alterno
862 1733 960 1808 cursu
989 1733 1107 1827 septie's
1133 1737 1189 1808 die

211 1829 361 1923 :septies
380 1836 480 1906 noue
501 1834 660 1910 fludiibus
687 1835 833 1907 invicem
859 1831 980 1917 versis,
1009 1830 1094 1905 adeb
1124 1834 1189 1902 irn-

212 1929 320 1999 rodice
342 1927 467 2014 fluens,
492 1951 528 2006 ut
552 1951 670 2006 ventos
689 1932 811 2012 etiam,
838 1955 875 2003 ac
902 1931 1007 2022 plenis
1032 1931 1112 2001 velis
1131 1956 1189 2004 na-

212 2024 270 2120 'gia
291 2026 473 2101 frustretur.
506 2031 646 2124 Aliquot
666 2029 700 2100 in
714 2053 752 2098 ea
772 2025 844 2099 sunt
862 2030 1006 2121 oppida,
1020 2025 1189 2110 Helliaea,

212 2123 328 2208 retria,
353 2126 502 2222 Pyrrha,
526 2127 659 2206 Nesos,
688 2126 875 2208 Oechalia,
898 2150 1016 2200 verum
1043 2123 1189 2214 opulen-

212 2221 310 2293 ffimae
333 2223 490 2317 Carystos
517 2225 553 2303 &
582 2225 727 2299 Chalcis.
768 2224 821 2293 Io·
840 2225 957 2296 Attide
984 2221 1117 2292 Helene
1142 2219 1189 2291 est

213 2336 258 2391 ata
277 2319 612 2410 stuproHelenae,&
626 2321 762 2395 Salamis
779 2321 912 2393 excidio
931 2318 1036 2391 classis
1052 2315 1189 2389 Persicae

213 2418 301 2514 nior.
341 2417 442 2492 Circa
472 2416 726 2511 Peloponneson
756 2419 858 2488 etiam
892 2415 1041 2490 nunc-in
1070 2415 1187 2508 AEgeo

213 2511 344 2592 hitiusa,
361 2515 397 2589 ὅ(
414 2517 536 2611 AEgina
551 2517 753 2607 Epidaurico
768 2514 867 2585 littori
888 2514 1061 2606 proxima,
1075 2512 1190 2583 Tro'e'-

214 2614 277 2684 tnio
290 2674 292 2680 .
306 2612 459 2686 Calauria
483 2614 568 2684 inter
591 2611 754 2710 ignobiles
772 2613 848 2682 alias
867 2611 933 2681 leto
951 2607 1189 2681 Demosthenis

214 2707 311 2779 bilis.
352 2710 394 2780 ln
408 2710 577 2806 Myrthoo
592 2709 739 2810 Cythera
764 2723 875 2779 contra
888 2707 1038 2780 Maleam
1055 2703 1167 2776 emissa
1176 2745 1195 2805 ,⁸

214 2801 364 2876 ;AEnusa
388 2826 501 2879 contra
524 2808 689 2881 Acritam.
727 2809 769 2877 In
786 2807 889 2878 Ionio
914 2807 1036 2887 Prote,
1055 2803 1188 2895 Hyria,

215 2900 385 2993 ephalenia
396 2951 407 2988 ,
418 2905 456 2975 N
459 2903 584 2991 erices,
594 2906 711 2983 Same,
726 2903 921 3000 Zacynthos
932 2943 943 2981 ,
953 2899 1188 2998 Dulychium,

213 3019 217 3071 ι
241 2999 327 3071 inter
346 3023 414 3071 non
431 3003 597 3094 ignobiles
612 3001 735 3098 Ulyffis
750 3003 886 3072 nomine
905 2998 1021 3072 Ithaca
1039 2993 1187 3071 maxim‘e

216 3092 322 3169 nstris.
363 3098 406 3168 In
432 3099 542 3191 *Epiro
571 3099 779 3180 Echinades,
796 3097 832 3170 δι
857 3094 1077 3193 Strophades,
1104 3093 1188 3166 olim

214 3191 306 3264 lotae:
333 3211 447 3268 contra
462 3197 679 3273 Ambracium
696 3193 802 3266 linum
818 3196 1010 3271 Leucadia,
1026 3192 1063 3267 ὅ(
1080 3191 1187 3290 vicina

214 3290 350 3366 driatieo
372 3294 454 3366 mari
481 3295 648 3391 Corcyra:
679 3290 731 3364 hae
750 3291 951 3372 Thracum,
979 3290 1187 3366 Graiorum·

214 3414 242 3460 re
266 3393 359 3464 terris
391 3393 573 3487 objacent:
600 3393 647 3464 At
672 3389 810 3463 interius
842 3390 986 3466 Melos,
1022 3389 1188 3470 Olearos,

213 3487 332 3582 lgiala,
358 3491 511 3572 Cathon,
536 3491 618 3565 Ios,
642 3485 779 3562 Thera,
811 3488 967 3580 Gyaros,
991 3484 1186 3576 Hipparis,

216 3586 372 3682 ionylsa,
391 3589 535 3668 Cianos,
565 3585 718 3665 Chalcis,
745 3584 873 3663 Icaria,
897 3583 1046 3660 Pinaria,
1075 3581 1185 3678 Nisy-

213 3701 259 3758 =ss
285 3685 489 3770 Lebinthos,
515 3685 707 3780 Calydnae,
720 3679 838 3753 Asme:
860 3679 912 3751 hae
938 3682 1013 3775 quia
1035 3677 1187 3771 dispersae
1206 3680 1214 3687 “

217 3795 275 3853 nt,
294 3780 477 3873 Sporades:
501 3784 543 3857 ab
569 3785 615 3852 eis
630 3780 792 3875 Sicynus,
808 3777 996 3876 Hypanm,
1008 3776 1186 3870 Cythnos,

216 3873 345 3962 planos,
370 3879 551 3970 Seriphos,
567 3880 706 3960 Rhene,
730 3881 852 3956 Paros,
878 3879 1023 3971 Scyros,
1044 3876 1186 3955 Tenos,

213 3973 372 4068 lyconos,
399 3977 542 4059 Naxos,
567 3977 695 4055 Delos,
724 3976 879 4055 Andros,
903 3976 979 4071 quia
1006 3974 1041 4043 in
1067 3975 1193 4046 orbem

211 4092 308 4158 rent,
336 4075 501 4210 Cyclades
523 4074 621 4158 dille
644 4075 733 4153 sunl.
775 4075 895 4173 Supes
915 4070 1247 4225 ffihmlfflgq
