2859 4709
422 438 858 520 rasurarum
1068 451 1138 532 509

224 588 342 668 copto,
370 571 404 643 in
432 576 603 667 Smyrnam
625 568 722 641 dusla
750 565 827 660 asi,
848 566 1036 661 Maeottiqtte
1064 570 1140 667 Ly-

199 692 247 739 ttm
275 668 347 763 regi
372 673 455 740 dono
480 671 566 738 doto.
611 668 674 736 Ille
701 666 821 762 puelsae
846 657 1139 759 venustatetcoptur

201 792 224 835 n
247 768 342 837 duxit
367 788 510 835 uxorem.
550 761 638 855 Quae
658 760 731 835 ciem
754 761 927 855 aliquando
942 763 1042 855 juxto
1062 764 1142 832 Me·

203 888 227 932 n
240 864 385 958 fluvium
397 863 625 959 jpocioretut,
650 879 767 954 porrus
791 859 954 929 doloribus
980 854 1142 954 oppreffia,

204 983 310 1031 nerum
327 956 412 1051 opud
422 959 568 1054 fluvium
582 959 715 1051 peperit.
753 954 861 1046 Quem
877 959 994 1026 Meron
1005 973 1065 1049 pro
1076 953 1146 1042 suo

206 1059 296 1145 ravit.
332 1058 457 1128 Paucis
477 1051 544 1151 pofl
561 1056 672 1126 diebus
685 1053 825 1126 Critlret's
841 1052 998 1130 moritur,
1022 1050 1097 1127 &a

207 1173 318 1246 ³429.
345 1151 473 1248 Vosque
486 1152 702 1244 Etheorleae.)
727 1151 816 1219 Tres
833 1149 967 1224 Gratias
984 1147 1039 1219 seu
1054 1145 1145 1220 Chai

208 1272 213 1318 t
235 1248 397 1344 intelligit.
434 1251 605 1320 Dicuntur
620 1267 731 1321 autern
748 1244 963 1337 Etheocleae,
989 1245 1065 1338 quia
1086 1245 1147 1337 (ut

209 1347 378 1419 Pausanias
402 1346 437 1415 in
461 1345 638 1433 Baeotitis)
669 1343 847 1415 Etheocles
873 1338 999 1435 prin'tus
1018 1342 1148 1418 Gratiis

209 1444 350 1521 isicavit,
379 1439 511 1532 tresque
537 1441 606 1509 illas
631 1436 695 1511 elle
723 1439 916 1519 constitute,
946 1439 1146 1514 &nomina

219 1539 387 1631 imposuit.
424 1539 481 1608 De
504 1537 630 1613 Gratiis
656 1537 760 1610 multa
780 1536 927 1619 diximus
951 1538 986 1608 in
1010 1537 1147 1612 Scholiis

211 1640 406 1709 smblmtato.
748 1682 753 1695 -.
779 1646 781 1651 ’

211 1755 270 1826 49.
296 1729 469 1802 Maeander
485 1729 549 1817 sub
571 1726 737 1819 lamam.)
760 1731 936 1804 Maeander
954 1725 1077 1804 fluvius
1100 1728 1149 1803 est

212 1830 323 1924 ogiae,
351 1829 392 1897 de
423 1850 490 1918 quo
516 1828 620 1909 multa
641 1827 759 1899 Strabo
784 1831 818 1896 r'n
836 1824 907 1918 fine
930 1828 1061 1923 lib.14
1088 1829 1149 1900 ubi

212 1927 244 1997 rit
267 1946 386 1997 terram
412 1927 499 1993 illam
531 1922 742 2007 cavernosam
765 1921 828 1994 elle
852 1923 980 1998 mirum
1009 1925 1043 1994 in
1070 1949 1149 1998 mo·

213 2049 250 2099 t,
273 2025 362 2096 unde
385 2021 424 2105 fit
450 2035 488 2093 ut
511 2021 651 2095 flumina
676 2017 928 2110 abscondantur.
973 2019 1149 2098 Pausanias

214 2119 355 2193 Corinth.
384 2119 597 2190 Maeandrum
630 2141 674 2190 ex
704 2115 848 2190 Celanis
884 2117 1054 2191 montibus
1088 2144 1149 2211 per

215 2219 346 2312 ygiam,
365 2215 401 2287 ii<
422 2216 556 2288 Cariam
579 2237 711 2285 manare
734 2213 798 2298 ait,
816 2213 853 2288 ὅ(
876 2217 962 2287 circa
985 2216 1149 2290 Miletum

216 2340 291 2385 nare
318 2310 487 2402 delapsum
513 2313 550 2384 iti
571 2310 838 2402 Peloponnesum
870 2311 1047 2387 defluere:
1080 2313 1149 2387 ibi·

239 2410 357 2501 AEsopi
384 2410 518 2481 alveum
553 2407 700 2490 efficere.
753 2411 839 2480 Non
869 2409 1006 2482 invenio
1038 2430 1149 2492 tamen

220 2509 329 2578 dicant
357 2509 573 2579 Maeandrum
589 2504 839 2577 subterraneum
866 2508 1000 2579 alveum
1025 2533 1149 2605 agere,

219 2606 343 2700 Lycum
366 2605 470 2697 quiin
486 2605 697 2676 Maeandrum
724 2600 840 2677 influit.
878 2603 992 2675 llutor
1014 2609 1060 2677 est
1082 2606 1149 2678 hu·

223 2706 252 2771 ei
275 2702 392 2774 Strabo
412 2696 630 2779 todemlooo,
654 2700 690 2772 ὅ(
703 2697 904 2771 Herodotus
921 2701 955 2770 itt
971 2722 1006 2794 7.
1038 2704 1149 2795 Quod

221 2798 348 2870 abulam
372 2798 486 2869 attinet
506 2823 605 2890 quarn
627 2796 680 2866 hic
705 2817 813 2868 narrat
837 2794 1041 2876 Politianus,
1066 2799 1148 2873 nihil
1206 2849 1210 2859 ·

221 2922 247 2967 tc
280 2892 439 2986 comperi.
490 2894 684 2968 Plutarchus
716 2895 750 2962 in
780 2895 860 2964 libro
892 2890 932 2965 de
952 2895 1148 2991 fluminibus

243 2992 370 3067 fabulas
395 2992 535 3071 recitat,
562 3015 668 3086 quas,
691 2990 780 3095 'quia
811 3012 880 3062 non
912 2992 1053 3065 omnini>
1080 2994 1148 3068 hue

222 3096 323 3169 ltant,
346 3114 414 3158 non
433 3089 580 3183 apposui.
686 3100 691 3109 '
745 3091 747 3094 ’
890 3097 896 3153 .’

222 3208 272 3274 eo.
297 3182 426 3278 Tirrfiae
441 3189 591 3283 magni.)
615 3181 779 3269 Tiresias,
803 3201 841 3257 ut
861 3187 962 3259 refert
983 3184 1147 3261 Callima*

222 3332 223 3344 t
240 3285 273 3352 in
289 3283 445 3381 Hymnis,
462 3290 537 3376 quia
549 3283 742 3354 Minervam
758 3280 841 3355 vidit
857 3283 890 3353 in
909 3285 1063 3367 lavacro,
1085 3307 1147 3356 cae-

223 3379 387 3462 remansit,
409 3379 464 3452 sed
482 3406 543 3472 pro
564 3381 728 3461 caecitate,
742 3381 855 3452 datum
879 3380 943 3452 fuit
960 3377 1007 3446 illi
1028 3381 1147 3454 varici.

223 3503 246 3546 t.
280 3477 362 3548 Hoc
380 3479 475 3550 latius
498 3479 612 3549 traslat
627 3479 808 3550 Politianus
823 3475 966 3564 Miscell.
984 3497 1050 3573 cop.
1063 3483 1123 3554 80.

223 3595 272 3667 ιγ.
298 3575 456 3646 Anticlon
492 3575 734 3672 Ortygidtnt.)
767 3574 865 3646 Dum
900 3568 1001 3642 essent
1032 3573 1147 3647 inclusi

224 3672 250 3741 ai
275 3671 307 3741 in
333 3695 421 3762 equo
446 3671 631 3764 Trojano,
659 3669 861 3764 Helenaque
886 3690 988 3739 voces
1025 3670 1147 3751 imitari

224 3792 287 3838 ’um
315 3766 471 3860 cujusque
497 3764 666 3859 coepisset,
693 3771 821 3859 caeteris
843 3763 1049 3850 tacentibus,
1073 3772 1147 3840 An·

226 3888 239 3934 s
266 3864 372 3936 voluit
397 3863 619 3956 respondere:
648 3867 741 3957 quod
768 3864 847 3938 clam
873 3863 1146 3957 animadvertisset

226 3961 299 4046 les,
323 3961 418 4032 illum
444 3964 596 4041 manibus
624 3961 787 4060 impreffis
814 3958 999 4039 suffocavit·
1054 3965 1157 4038 sicle

223 4061 286 4209 fell.
310 4079 380 4156 cap·
396 4078 451 4157 75·
936 4147 939 4151 ’
1054 4157 1211 4246 ΜΨ·
