2859 4709
237 433 313 542 562'
426 426 795 518 Ρόιιιοιιιι
843 439 1042 513 Mansa

233 566 386 643 n'dmirtit.
411 566 549 641 Faciunt
566 566 666 639 nrbes
687 592 761 661 quae
778 567 934 649 allidunt,
952 568 1118 643 Aelium,
1136 565 1234 664 Argi,

233 656 488 759 Amphilochii,
506 663 710 755 Ambracia,
735 665 947 737 AEacidarum
966 665 1083 758 regia,
1103 664 1235 759 Pyrrhi·

237 782 323 851 ¹ue,
343 766 508 836 Butroton
532 762 617 835 ultra
645 761 700 833 etl.
747 764 883 833 Deinde
909 761 1069 833 Ceraunii
1091 780 1237 834 montes:

233 885 252 932 a
303 861 342 931 iis
367 858 474 933 flexus
498 859 530 930 in
554 859 706 933 Adriam.
747 858 829 931 Hoc
850 883 942 930 mare
966 882 1091 953 magno
1115 856 1239 945 seteffu

234 958 386 1028 littorum
410 975 607 1048 acceptum,
635 955 671 1028 δι
704 955 948 1048 valle'quidem
974 956 1009 1024 in
1038 955 1236 1033 latitudinem

235 1073 371 1145 patens,
402 1078 466 1147 qua
490 1068 636 1143 penetrat
660 1070 770 1123 tamen
796 1051 940 1134 vastius,
967 1053 1111 1146 Illyricis
1135 1050 1237 1146 usque

235 1150 464 1248 Tergestum,
489 1167 606 1222 catera
630 1147 789 1226 Gallicis,
808 1146 966 1241 Italisque
994 1147 1146 1246 gentibus
1171 1149 1242 1220 cin-

236 1249 336 1345 gitur.
382 1245 551 1326 Parthini,
577 1246 614 1321 dt
640 1242 843 1322 Dinaretae,
872 1248 982 1334 prima
1012 1245 1085 1338 ejus
1113 1262 1245 1326 tenent,

236 1345 403 1436 sequentia
421 1344 614 1427 Taulantii,
635 1341 834 1422 Encheleae,
859 1341 1013 1414 Phaeaces
1035 1342 1158 1412 deinde
1175 1344 1245 1414 sont

236 1464 320 1535 quos
345 1439 479 1532 proprie
502 1439 659 1535 Illyricos
680 1455 811 1512 vocant.
852 1440 947 1510 Tum
970 1440 1121 1534 Pyriaei,
1139 1439 1174 1513 ὃ(
1193 1441 1247 1510 Li·

235 1535 334 1607 burni
349 1533 413 1619 ,ilc
433 1533 535 1607 Istria.
579 1536 724 1606 Urbium
755 1534 862 1627 prima
884 1536 929 1606 est
951 1538 1123 1619 Oricum,
1141 1535 1247 1608 secun·

236 1634 278 1705 da
292 1628 569 1729 Dyrrhachium,
591 1632 799 1726 Epidamnos
813 1651 885 1706 ante
901 1651 979 1704 erat.
1020 1632 1176 1704 Romani
1189 1658 1246 1704 nu·

236 1746 317 1801 men
343 1738 542 1810 mutavere,
564 1731 640 1820 qnia
660 1730 803 1803 velutin
826 1731 985 1802 damnum
1008 1731 1132 1813 ituris,
1152 1754 1244 1802 omen

237 1827 274 1919 id
299 1825 408 1898 visum
437 1825 492 1896 est.
541 1826 634 1896 Ultra
668 1824 740 1899 sunt
776 1827 984 1918 Apollonia,
1014 1829 1170 1907 Salona,
1195 1829 1244 1912 Ιι·Ι

239 1924 338 2021 deca,
356 1924 513 2004 Narona,
538 1922 771 2018 Tragurium,
799 1923 885 1996 finus
903 1923 1075 1996 Polaticus
1096 1925 1133 1998 ὃ(
1153 1927 1245 2007 Pola,

239 2020 408 2115 quondam
434 2017 452 2090 lt
476 2018 615 2094 Colchis
635 2016 706 2111 (ut
718 2020 851 2109 ferunt)
879 2020 1046 2104 habitata,
1065 2047 1156 2094 nunc
1174 2023 1244 2093 llo·

238 2122 334 2189 mana
358 2115 509 2204 colonia„
543 2117 673 2190 Amnes
695 2134 806 2199 autem
832 2119 912 2190 AEas
931 2118 966 2193 δι
985 2119 1110 2202 Naro,
1127 2119 1162 2192 tlt
1179 2122 1243 2211 Da·¹

162 2252 164 2257 ·
238 2213 379 2294 nubius,
396 2215 455 2306 qui
473 2214 539 2308 jam
558 2214 664 2294 didius
684 2214 730 2284 etl
752 2213 853 2287 Iller:
884 2214 938 2286 sed
964 2216 1046 2287 AEas
1072 2215 1240 2289 secundum

240 2309 485 2401 Apolloniam,
510 2308 607 2380 Naro
631 2312 716 2383 inter
742 2314 876 2405 Pyraens
905 2311 942 2386 δι
971 2311 1171 2393 Liburnos,
1193 2337 1241 2402 per

240 2404 343 2476 lllros
382 2404 466 2475 Ister
503 2405 673 2490 emittitur.
727 2408 931 2504 Tergestum
967 2408 1088 2483 intimo
1117 2414 1152 2483 in
1184 2409 1245 2484 stnu

240 2501 354 2574 Adriae
379 2499 482 2595 satum
500 2500 573 2573 finit
595 2503 782 2602 Illyricum.
1153 2529 1155 2532 ·

333 2651 336 2663 '
445 2639 973 2755 'cneurru
1064 2741 1068 2746 ,

582 2775 998 2921 lanarius

163 3000 170 3015 ‘
243 2990 369 3175 DE
396 2997 496 3071 *Italia
528 3002 635 3098 magis
669 3003 744 3095 quia
772 3007 855 3076 ordo
891 3005 1015 3102 exigit,
1038 3004 1133 3097 qu'am
1171 3005 1252 3098 quia

358 3097 529 3194 monstrari
553 3118 655 3194 eget,
680 3125 784 3191 pauca
804 3103 968 3185 dicentur,
989 3120 1061 3174 nota
1076 3101 1151 3174 sunt
1176 3128 1254 3172 om·

197 3214 201 3219 ·
243 3194 308 3264 nia.
355 3190 410 3271 Ab
440 3194 580 3285 Alpibus
604 3198 719 3289 incipit
750 3200 783 3269 in
810 3200 912 3270 altum
945 3204 1132 3284 excedere,
1156 3217 1254 3290 atque

244 3306 282 3361 ut
310 3289 485 3389 procedit,
512 3293 659 3364 mediam
688 3292 719 3362 se
741 3317 904 3388 perpetuo
935 3297 1107 3386 Apennini
1133 3298 1253 3369 montis

245 3385 328 3478 lugo
354 3388 527 3473 attollens,
555 3388 639 3460 inter
666 3391 925 3465 Adriaticum&
943 3392 1147 3476 Thuscum,
1171 3393 1253 3472 five,

246 3501 283 3553 ut
305 3480 397 3552 aliter
416 3488 532 3555 eadem
558 3487 784 3578 appellantur,
809 3492 892 3561 inter
916 3488 1086 3581 Superum
1108 3491 1252 3565 mare&

245 3565 398 3665 inferum
413 3584 576 3666 excurrit,
589 3587 646 3656 diu
663 3585 773 3661 solida.
815 3585 947 3660 Verum
968 3589 1027 3657 ubi
1046 3589 1154 3684 longe
1170 3589 1253 3665 abir,

248 3676 281 3777 in
309 3676 376 3746 du'o
401 3702 524 3752 cornua
548 3676 731 3767 scinditur,
756 3682 951 3778 respicitque
973 3685 1079 3757 altero
1106 3690 1252 3761 Siculum

247 3773 386 3869 pelagus
410 3819 421 3856 ,
445 3777 548 3848 altero
576 3780 739 3854 Ionium:
770 3800 838 3854 tota
868 3780 1032 3877 angusta,
1053 3783 1105 3859 ’δι
1139 3780 1254 3858 alicubi

248 3862 357 3946 inulto
385 3894 491 3963 quarn=
511 3877 597 3947 unde
631 3880 736 3969 c'ocpit
769 3881 947 3974 angustior.
995 3882 1166 3957 Interiora
1191 3882 1254 3977 ejus

219 4007 224 4019 ·
245 3969 343 4057 aliae',
356 3968 497 4068 aliaeque
513 3974 800 4070 genteshahitant.
828 3975 958 4047 Sinistra
976 3998 1068 4068 parte
1085 3975 1255 4060 Carni,&

230 4071 388 4171 Ueneti
413 4073 535 4161 colunt
548 4070 1114 4169 rogatanualiam.unsnxtnxet
1128 4073 1256 4222 pepuli,

484 4184 487 4189 '
1125 4198 1128 4203 ·
1201 4180 1287 4220 meu.—
