2859 4709
523 376 857 453 Ponatur:
1148 402 1199 480 79

216 527 636 620 SECUNDUM
685 531 1166 628 PRAECEPTUM.
1266 563 1280 586 ⁰

190 699 295 879 ITa
313 704 400 778 vitia
409 703 493 795 sunt
514 702 684 800 mujuulla
700 706 897 787 virtutibus,
922 727 960 778 ur
976 703 1104 798 fallant
1124 726 1200 784 ttrit-¹

257 801 423 894 latifflmus
451 800 586 899 quosque
608 799 668 895 nifi
695 823 769 875 arte
790 803 1020 893 discernantur.
1058 806 1102 877 Id
1123 832 1202 899 pro-

191 900 247 973 bat
271 900 478 972 induclione.
525 899 673 972 Brevitas
696 900 802 972 virtus
829 899 876 971 est
907 900 1031 972 eximia
1061 904 1095 973 in
1120 927 1204 977 ora-

190 1000 304 1081 tione,
327 1015 366 1069 ut
386 992 570 1089 scripfimus
594 1015 663 1090 cap.
687 997 745 1068 De
767 998 966 1069 narratione.
998 997 1099 1070 Hanc
1119 1000 1205 1073 veri)

192 1096 274 1167 dum
305 1088 404 1188 sequi
428 1094 565 1184 cupio,
595 1094 629 1162 in
654 1093 774 1166 vitrum
807 1091 1013 1167 obscuritatis
1053 1096 1205 1170 delabor.

193 1191 384 1271 Pteleum,
408 1209 475 1262 tres
501 1187 572 1260 lunt
599 1187 760 1262 scribendi
787 1190 1013 1269 characteres,
1035 1190 1117 1265 telle
1143 1194 1205 1268 ci·

194 1312 326 1360 rernm.
365 1288 462 1359 Nam
486 1285 652 1361 tenuis&
677 1289 811 1380 gracilis
837 1287 883 1361 eli
910 1286 1035 1385 stylum
1065 1308 1206 1376 acutus,

194 1388 307 1458 omnia
333 1385 486 1468 docens,
512 1405 580 1455 non
604 1384 831 1475 amplificans,
859 1383 967 1458 subtili
996 1389 1141 1481 quadam
1166 1389 1205 1465 ἀ

193 1479 297 1575 prelia
316 1485 468 1556 oratione
494 1482 642 1553 limatus:
668 1481 757 1553 hunc
781 1482 839 1575 qui
861 1482 979 1557 volunt
998 1484 1134 1567 seclari,
1158 1485 1205 1558 ita

196 1578 263 1653 sele
285 1596 482 1662 extenuant,
508 1596 545 1652 ut
572 1574 700 1670 serpere
724 1577 820 1650 humi
845 1578 996 1654 dicantur
1018 1580 1059 1653 ab
1086 1581 1204 1654 Hora-

197 1679 263 1747 tio.
305 1675 363 1746 Eli
385 1676 421 1752 δι
441 1675 523 1749 alius
544 1671 646 1770 stylus
671 1676 813 1766 plenus,
834 1700 911 1750 cum
933 1677 1041 1770 ampla
1067 1678 1104 1754 ὃ(
1125 1677 1206 1750 sen-

199 1772 383 1847 tentiarum
412 1773 569 1869 gravitate
595 1771 632 1846 &
657 1771 823 1866 majestate
853 1773 1064 1857 verborum,
1095 1774 1207 1850 vehe-

199 1892 320 1952 mens,
341 1869 464 1954 varius‚
489 1867 665 1961 copiosus,
691 1870 823 1964 gravis:
841 1873 882 1941 ad
901 1874 1152 1963 permovendos
1169 1871 1208 1951 δι

200 1969 445 2042 convertendos
470 1971 599 2041 animos
620 1964 809 2040 instructus:
837 1967 1008 2059 huncqui
1033 1965 1208 2052 affectant,

199 2062 224 2135 li
249 2083 319 2137 arte
345 2081 497 2147 careant,
520 2086 584 2154 pro
607 2065 767 2158 gravibus
791 2062 829 2138 &
857 2064 1104 2159 grandiloquis,
1133 2083 1209 2136 tur·

202 2162 273 2257 gitti
295 2159 334 2235 &
353 2157 461 2235 inflati
487 2158 589 2232 fiunt:
618 2181 681 2244 ut,
707 2161 820 2234 Torva
842 2162 1072 2234 Mimalloneis
1095 2163 1210 2262 imple·¹

201 2279 275 2329 runt
299 2284 420 2332 cornua
452 2257 584 2331 bombis.
631 2258 696 2329 Ille
730 2259 819 2329 enim
850 2258 952 2355 llylus
984 2259 1137 2354 turgidus
1170 2257 1209 2334 ὅ(

203 2350 420 2437 internecti,
446 2378 515 2427 nnn
538 2352 693 2427 sublimis.
738 2354 796 2426 Est
815 2355 852 2428 &
874 2357 956 2428 alius
979 2355 1081 2453 stylus
1106 2358 1210 2428 inter-

202 2449 326 2543 iectus,
353 2451 596 2533 intermedius,
622 2452 659 2526 δι
692 2452 782 2545 quast
812 2469 1014 2545 temperatus
1043 2477 1087 2525 ex
1111 2472 1210 2526 utto·

204 2572 289 2640 que,
307 2549 439 2621 vicinus
462 2546 659 2629 amborum,
683 2548 851 2641 utriusque
865 2553 1054 2642 particeps,
1073 2550 1127 2620 vel
1146 2573 1211 2640 po-

204 2645 269 2715 tius
293 2669 447 2738 expers,
474 2670 544 2720 uno
572 2664 688 2717 tenore
712 2648 746 2717 in
770 2650 912 2718 dicendo
945 2646 1075 2727 fluens,
1104 2670 1210 2719 orna-

202 2743 323 2814 mentis
338 2743 481 2817 modicis
500 2743 684 2817 verborum
704 2742 1005 2837 sententiarumque
1022 2742 1210 2816 orationem

201 2838 381 2929 picturam.
426 2841 468 2910 In
491 2866 559 2935 quo
582 2842 749 2935 Virgilius
777 2843 933 2913 excelluit
954 2843 989 2910 in
1014 2841 1211 2937 Georgicis.

204 2934 312 3008 Hunc
332 2957 429 3011 vocat
442 2937 606 3013 Horatius
628 2940 765 3021 lavem,
787 2941 821 3009 id
841 2939 908 3018 ell,
928 2937 1152 3030 splendentem
1172 2937 1211 3013 δᾶ

204 3031 372 3119 nitidum,
396 3059 499 3129 quem
519 3034 575 3130 qui
597 3034 663 3108 stne
688 3056 757 3108 arte
779 3037 943 3108 modulari
962 3034 1117 3118 student,
1138 3059 1211 3109 cat·

204 3130 294 3201 mina
317 3130 386 3204 line
406 3134 516 3205 nervis
533 3133 704 3206 &animis
726 3151 943 3227 componunt.
983 3133 1135 3206 Varietas
1158 3134 1212 3204 in·

204 3223 303 3319 super
322 3231 426 3300 virtus
444 3231 589 3302 maxima
605 3230 651 3301 eli
668 3233 701 3299 in
726 3233 840 3325 poili,
864 3231 945 3305 solet
969 3231 1059 3301 enim
1082 3236 1212 3304 animos

203 3324 332 3396 mirum
354 3327 390 3395 in
418 3329 559 3398 modum
583 3328 736 3399 allicere:
767 3325 820 3400 sed
846 3329 928 3401 hanc
959 3329 1136 3401 comitatur
1161 3328 1211 3400 vi·

202 3419 290 3494 tium
315 3423 371 3495 vel
396 3423 600 3495 maximum:
631 3425 723 3496 Nam
746 3427 803 3519 qui
828 3430 966 3520 cupiunt
988 3428 1113 3500 variare
1137 3449 1210 3497 rem

204 3518 369 3613 aliquam,
391 3520 480 3593 nulla
501 3522 578 3618 lege
600 3540 654 3593 aut
674 3543 743 3595 arte
762 3525 798 3593 id
819 3524 994 3605 facientes,
1016 3519 1210 3614 portentosi

205 3616 405 3709 delphinum
432 3616 518 3689 fitvis
541 3620 748 3714 appingunt,
772 3620 935 3694 'lluclibus
967 3637 1109 3709 aprum3
1140 3645 1214 3697 cte.-

206 3713 322 3789 dentes
348 3716 432 3787 hanc
459 3711 523 3786 elle
546 3724 660 3788 veram
691 3719 894 3792 varietatem.
929 3715 1096 3810 ¹Denique
1129 3718 1211 3789 dum

205 3809 326 3885 vitium
351 3810 503 3907 fugimus
523 3811 632 3896 stulti,
657 3816 690 3884 in
717 3815 837 3911 vitium
860 3813 1046 3887 incidimus.
1087 3815 1213 3908 Neque

205 3904 277 3982 satis
302 3910 352 3981 ell
377 3930 481 3981 artem
510 3909 541 3980 in
565 3936 629 3984 una
658 3911 799 3987 alterive
825 3930 916 4006 purte
939 3909 1077 3991 callere,
1106 3938 1213 4006 quum

205 4022 253 4082 tot
280 4011 400 4086 Pc‘e'tte
426 4006 484 4081 stnt
505 4007 693 4086 uccellaria:
716 4035 793 4088 nam
816 4009 937 4085 infeliu
953 4007 1010 4082 ille
1032 4010 1123 4084 faber
1147 4011 1213 4114 cll!

1161 4129 1222 4209 qlll
