2859 4709
431 439 950 516 Pannnoxoal.
1147 464 1192 538 η

197 558 317 634 antam
342 556 504 659 lig‘nilicat
527 564 673 638 filiorum
693 565 812 639 filium.
847 564 994 637 Romani
1019 565 1112 656 pueri
1138 589 1199 655 pa·

192 661 266 729 truis
289 665 503 757 tradebantur
520 665 715 740 erudiendi,
736 662 772 737 dt
793 662 990 758 castigandi:
1011 666 1099 732 unde
1120 687 1198 751 pro·

191 756 366 844 verbium3
394 761 465 833 Nec
481 755 528 852 fis
549 774 690 857 patrous
712 761 800 831 mihi.
836 761 929 850 Quia
947 763 1078 850 patrui,
1097 760 1198 829 etiarn

193 847 381 937 firment,
402 857 547 928 nesciunt
569 860 611 929 ad
635 875 768 950 peccata
794 860 984 927 connivere.
1023 856 1091 926 nvi
1117 878 1197 925 con·

189 945 235 1018 tri
258 953 481 1043 impotentius
507 972 635 1035 amant,
669 953 782 1024 omnia
808 952 1010 1047 indulgent,
1042 949 1198 1043 castigare

192 1046 350 1120 net'ciunt.
392 1053 476 1122 Inde
499 1069 636 1142 nepotes
656 1052 799 1122 evadunt
819 1048 1034 1142 perdittffimi.
1072 1047 1198 1120 Aristo·

194 1144 270 1214 teles
286 1169 324 1239 3.
352 1148 458 1219 Ethir.
484 1148 519 1216 in
547 1149 635 1218 calce
660 1147 944 1239 intemperantiam
967 1166 1063 1216 vocat
1085 1164 1197 1216 arona-

190 1239 273 1324 τίω,
313 1245 348 1314 id
374 1242 444 1321 eil,
482 1243 790 1338 incalligationem3
815 1246 848 1316 dt
872 1248 1018 1324 aronae-3⁴1
1042 1243 1197 1315 dicuntur

192 1337 387 1438 incastigati.
432 1341 535 1412 Tales
564 1341 664 1435 igitur
691 1340 764 1412 sunt
788 1365 935 1433 nepotes.
977 1342 1133 1413 lnventio
1160 1340 1197 1416 dt

190 1442 278 1526 apud
301 1441 601 1514 Graecnsttmaobc
620 1439 731 1510 vocari
748 1444 915 1529 nepotes,
939 1439 1027 1533 quast
1045 1437 1112 1509 stne
1136 1463 1197 1532 pe-

189 1532 252 1618 de,
275 1533 347 1606 hoc
372 1533 417 1604 est
437 1534 673 1610 fiandamento:
688 1535 762 1628 quia
778 1534 855 1611 filiis
876 1537 1129 1611 fundamentum
1149 1536 1197 1608 rei

192 1629 446 1717 familiarinnon
463 1654 579 1706 erunt:
594 1632 769 1727 dilapidant
787 1635 876 1704 enirn
899 1659 971 1706 rem
991 1634 1198 1706 familiarem.

198 1727 279 1816 Qui
310 1725 468 1800 deducunt
494 1728 513 1799 *a
539 1749 630 1820 nepa.
650 1733 674 1815 i.
698 1730 892 1820 scorpione,
925 1730 1001 1825 quia
1026 1730 1112 1803 filios
1138 1735 1198 1804 de·

194 1840 323 1902 vorat,
351 1824 429 1907 milri
453 1851 523 1898 non
538 1827 683 1918 placent.

245 1918 378 1993 Tollere
401 1921 538 2003 liberos,
566 1924 678 1997 tollere
704 1950 824 2010 onera,
855 1924 968 1994 tollere
991 1924 1025 1996 itt
1050 1947 1200 2005 cracem,

195 2019 311 2090 tollere
336 2019 473 2115 aliquem
498 2017 516 2090 ὲ
543 2019 646 2092 medio
669 2024 723 2093 vel
749 2020 766 2094 ἑ
791 2024 881 2108 vita3
897 2018 1025 2111 semper
1051 2021 1097 2091 eli
1124 2017 1200 2088 litb-

195 2116 315 2186 levare.
354 2117 433 2188 ‘Sed
456 2117 567 2187 tollere
591 2142 653 2208 pro
677 2121 818 2193 educare
850 2117 905 2190 vel
933 2115 1056 2188 habere
1092 2114 1201 2196 filios,

198 2237 238 2283 ex
255 2214 391 2306 antiqua
414 2210 651 2286 consuetudine
667 2219 858 2307 petendum.
895 2213 1088 2310 Antiquitus
1105 2213 1201 2305 pueri

199 2328 348 2382 recenter
378 2309 445 2380 nati
476 2307 595 2382 terram
634 2311 781 2401 primltm
813 2312 964 2383 omnium
998 2310 1201 2408 tangebant,

199 2425 354 2502 tanquam
379 2429 490 2477 rerum
516 2408 666 2478 omniurn
684 2429 876 2497 parentem:
896 2430 991 2481 autor
1008 2408 1054 2478 est
1077 2408 1203 2478 Plinius

202 2504 233 2574 r'rt
253 2507 406 2600 proemio
424 2505 524 2596 lihp.
556 2503 755 2575 Tertulliani
780 2507 879 2576 verba
904 2504 996 2575 sunt:
1024 2501 1112 2575 Dum
1131 2503 1204 2596 pri-

202 2625 249 2670 nra
264 2605 362 2672 etiam
377 2597 555 2694 constitutio
569 2596 703 2690 infantis
710 2602 810 2699 super
832 2624 950 2673 terram
965 2597 1078 2695 statim
1094 2597 1203 2670 Edaeae

197 2699 325 2784 sarram
351 2694 404 2792 dl.
443 2697 623 2786 Sapientia.
652 2719 765 2795 capp.
808 2704 848 2772 Et
877 2722 937 2792 ego
968 2718 1066 2767 natus
1092 2697 1204 2791 accepi

202 2818 396 2866 communem
420 2795 544 2874 airam,
570 2791 609 2868 (5
636 2795 671 2864 itt
691 2793 841 2889 finaliter
857 2792 984 2884 fallam
1007 2794 1112 2867 decidi
1137 2815 1206 2863 ttr-

202 2917 276 2963 ram.
306 2892 363 2964 Sic
380 2891 520 2982 politum
546 2888 700 2961 infantem
717 2912 823 2982 patres
845 2889 989 2960 solebant
1007 2890 1112 2962 statim
1129 2891 1208 2960 alle·

202 3014 301 3059 rare:
331 2987 389 3082 qui
404 3011 515 3078 aurem
541 3009 607 3056 non
633 2989 830 3064 tollebatur,
848 3007 883 3059 ut
900 2987 1066 3059 abdrca'tus
1079 2989 1115 3060 dt
1131 3011 1209 3078 pro·

192 3084 347 3179 ¹jediitius
376 3083 576 3164 habebatur,
614 3085 714 3176 idque
747 3083 981 3173 inauspicatum
1017 3084 1210 3177 habebatur.

206 3182 363 3276 Papinius
397 3183 510 3251 ultima
531 3178 617 3274 filtra
655 3182 805 3274 deplorat
832 3182 1000 3252 lervulum
1034 3182 1210 3253 immatura

204 3301 315 3351 morte
342 3277 550 3366 surreptum,
580 3277 634 3348 sed
662 3276 735 3352 ante
757 3281 916 3350 donatum
944 3277 1112 3358 libertate,
1139 3277 1211 3347 haec

205 3381 350 3448 addens:
380 3377 479 3444 Meus
504 3373 583 3456 ille,
605 3398 718 3453 mear,
745 3375 860 3446 tellure
882 3378 1049 3448 cadentem
1075 3374 1213 3468 Excepi.

205 3476 278 3545 vide
303 3470 460 3542 Turneb.
482 3469 901 3565 tih.22.oap.11.&tib.4.
919 3491 1046 3568 capas.
1077 3473 1125 3540 D.
1137 3469 1211 3539 Au-

206 3569 289 3664 gust.
308 3568 406 3658 aaa
425 3568 463 3636 dt
478 3567 576 3640 Civit.
599 3570 675 3640 Dei.
698 3589 829 3666 capu.
854 3569 924 3662 Ipse
946 3572 1029 3641 levet
1043 3570 1083 3638 dt
1105 3587 1213 3639 terra»

208 3667 244 3741 (ἲ
265 3687 405 3739 notetur
424 3667 484 3733 dea
511 3663 654 3736 Levana.

251 3756 397 3837 Cernere
420 3756 620 3852 (inquiunt)
652 3758 864 3841 dividere,
895 3756 942 3829 est
973 3779 1145 3852 pugnare,
1179 3755 1216 3831 dt

207 3883 334 3931 cernere
355 3853 595 3934 hereditatem,
614 3855 661 3927 est
686 3859 775 3929 adire
793 3856 1033 3936 hereditatem.
1070 3853 1154 3924 Non
1173 3852 1216 3927 ira

208 3955 269 4026 est:
297 3978 375 4026 nam
403 3951 535 4043 proprie
559 3977 686 4047 cernere
712 3955 759 4025 est
783 3951 1099 4046 separare-farfara
1120 3946 1137 4019 it
1162 3948 1217 4020 fa·-

209 4055 331 4140 rina‚i.
346 4046 507 4123 cribrare:
525 4047 691 4144 Hispani,
703 4075 825 4218 “hm
849 4046 934 4121 Ptin.
954 4051 1067 4125 lihtd·
1089 4063 1227 4242 cppjph.
1265 4080 1276 4105 r

778 4167 804 4244 4
1133 4162 1235 4215 wa
