2859 4709
231 391 306 466 214
446 371 561 443 Pon.
595 371 794 442 Ovtntt
826 369 1018 442 Nason.

230 495 382 571 Vidlima
404 496 457 565 vel
483 494 615 568 Phoebo
640 493 740 569 sacras
764 495 918 567 maeteris
946 498 986 565 ad
1014 507 1104 576 arasj

278 595 394 684 Quam
418 593 491 664 tulit
517 617 535 662 a
562 591 647 663 saevo
670 593 873 688 Theudotus
895 587 987 664 holle
1011 595 1143 665 nocenti

224 688 300 765 jAut
325 710 358 759 te
386 691 548 761 devoveat
573 691 668 761 certis
694 689 829 761 Abdera
854 687 992 769 diebus,

277 788 425 878 Saxaque
456 790 614 857 devotum
639 789 799 881 grandine
824 786 918 879 plura
942 801 1062 876 petant.

224 879 299 957 ¹Aut
325 884 421 964 Jovis
444 881 550 953 infesti
574 883 642 952 telo
668 883 787 955 feriare
812 880 969 961 trisulco,

275 979 321 1052 Ut
345 979 427 1050 satus
449 980 473 1028 ‘l
497 979 737 1073 Hippomene,
761 977 1005 1071 Dolithoesque
1029 991 1131 1067 pater.

226 1073 272 1143 Ut
300 1073 390 1147 soror
415 1080 608 1161 Autonoes,
628 1094 663 1150 ut
687 1080 741 1149 cui
768 1093 957 1179 matertera*
968 1072 1062 1146 Maia
1084 1069 1131 1143 est
1139 1115 1153 1155 ,

275 1172 319 1242 Et
344 1189 474 1243 temere
500 1193 627 1265 optatos
651 1173 820 1267 quilmale
843 1171 928 1244 rexit
953 1192 1069 1263 equos.

223 1266 272 1336 Ut
299 1267 388 1341 ferus
414 1271 584 1353 AEolides‚
608 1289 645 1345 ut
673 1268 828 1365 sanguine
851 1288 945 1342 natus
968 1267 1115 1343 eodem,

274 1366 357 1453 Quo
381 1370 492 1459 genita
517 1366 563 1437 eli
590 1366 721 1459 liquidis
744 1393 817 1460 quae
839 1382 926 1440 caret
955 1365 1077 1436 Ardlos
1098 1361 1204 1458 aquis.¹

223 1459 281 1547 Ut·
296 1464 467 1534 Macedon
490 1464 554 1534 itia
581 1463 627 1534 esi
651 1464 769 1557 rapidis
796 1489 879 1536 cum·
899 1460 1045 1557 conjuge
1063 1456 1229 1546 flammis,

243 1558 325 1627 ..Sic
353 1583 471 1652 precor
498 1561 631 1633 etherei
658 1561 795 1635 vindicis
819 1563 899 1657 igne
923 1560 1027 1629 cadas.

218 1653 402 1749 Praedaque
426 1655 466 1729 srs
492 1658 573 1737 illis,
595 1657 715 1751 quibus
739 1656 785 1728 est
812 1657 950 1729 Latonia
974 1654 1105 1732 Deiota

269 1754 359 1823 Ante
385 1754 473 1825 diem
502 1774 596 1846 rapto
622 1779 691 1827 non
714 1757 864 1828 adeunda
884 1750 1026 1825 Thraso.

219 1847 360 1940 Quique
384 1856 579 1924 verecundae
604 1849 828 1943 speculantem
854 1849 1004 1922 membra
1023 1849 1166 1934 Diana,

268 1945 407 2039 Quique
434 1947 675 2041 Crotopiadem
703 1949 871 2042 diripuere
897 1946 1032 2020 Linum.

217 2039 320 2112 Neve
348 2064 510 2118 venenato
539 2046 643 2118 levius
669 2047 794 2118 feriaris
818 2044 859 2118 ab
887 2066 1024 2138 angue,

267 2140 382 2228 Quam
408 2141 491 2215 senis
514 2140 652 2236 OEagri,
679 2140 909 2235 Calliopesque
934 2161 1048 2211 nurus.
1156 2152 1161 2167 “

217 2234 333 2325 Quam
348 2264 430 2328 puer
438 2236 789 2333 Hypstphyles‚quam
806 2241 968 2332 qui‚cava
983 2236 1107 2329 primus
1120 2257 1218 2315 acutat

153 2370 161 2399 s
267 2331 414 2426 Cuspide
442 2334 577 2425 suspedli
600 2338 722 2409 robora
745 2337 817 2409 fittit
844 2333 932 2429 equi.

214 2429 316 2499 Neve
342 2434 463 2526 gradus
479 2436 585 2504 ¹adeas
610 2433 775 2525 Elpenore
799 2434 925 2504 cautius
951 2431 1057 2513 altos,

263 2524 411 2622 Vimque
432 2529 515 2601 seras
538 2528 605 2601 vini
628 2554 695 2622 qun
724 2530 796 2602 tulit
821 2528 874 2599 ille
895 2529 1009 2599 modo.

213 2621 1214 2720 Tamquecadasdomttus‚quamquisquisadarmavocarern

258 2721 353 2799 Juvit
380 2724 594 2797 inhumanum
620 2724 867 2797 Thiodamanta
894 2722 1044 2831 Dryops.

211 2813 328 2904 Quam
356 2820 446 2891 serus
471 2821 540 2911 ipse
565 2819 622 2893 suo
646 2823 742 2913 periit
768 2822 926 2892 madlatus
949 2843 982 2888 tn
1004 2834 1101 2894 antro

259 2914 414 2987 Proditus
439 2913 569 2990 inclusae
597 2917 707 2990 Cacus
733 2914 773 2987 ab
802 2942 860 2988 ore
884 2915 993 2986 bovis.

212 3010 326 3108 Quam
355 3015 412 3105 qui
436 3016 519 3085 dona
545 3015 619 3085 tulit
645 3012 771 3088 Nesseo
794 3015 893 3085 tindia
915 3036 1068 3100 veneno,

257 3108 487 3202 Euboicasque
512 3109 569 3181 suo
598 3108 753 3207 sanguine
776 3112 873 3183 tinxit
895 3133 1004 3203 aquas.

206 3205 276 3289 „Vel
302 3211 343 3278 de
362 3207 520 3300 precipiti
543 3209 653 3282 venias
679 3211 711 3280 itt
737 3228 851 3281 tartara
877 3207 974 3285 saxo,

256 3304 300 3374 Ut
326 3305 382 3398 qui
408 3302 615 3376 Socraticum
643 3310 684 3380 de
701 3332 789 3389 nece
816 3305 897 3399 legit
921 3327 1018 3396 opus.

207 3401 254 3471 Ut
280 3404 335 3493 qui
362 3400 503 3474 Tlteseae
530 3401 652 3474 fallacia
677 3404 750 3479 vela
778 3405 895 3475 carinae

254 3497 368 3570 Vidit:
397 3517 432 3571 ut
458 3501 557 3572 Iliaca
582 3499 693 3576 misius
719 3500 760 3573 ab
786 3524 860 3571 arce
888 3522 983 3590 puer.

206 3593 252 3665 Ut
275 3598 379 3677 teneti
400 3595 511 3669 nutrix
534 3597 650 3679 eadem
672 3618 843 3670 matertera
868 3595 1009 3679 Bacchi,

255 3688 299 3761 Ut
326 3696 380 3766 cui
404 3694 498 3765 caula
524 3691 614 3764 necis
643 3692 726 3768 serra
750 3713 879 3785 reperta
903 3693 978 3765 suit.

203 3784 299 3857 Lidia
327 3787 358 3861 se
382 3789 523 3883 scopulis
547 3809 584 3863 ut
614 3793 713 3889 virgo
737 3790 821 3863 misit
847 3792 888 3864 ab
913 3792 1006 3878 altis,=

247 3883 387 3962 Dixerat
410 3889 516 3969 inviro
546 3912 619 3984 quae
647 3891 733 3968 male
756 3886 858 3968 uerba
882 3890 960 3989 deo,
1016 3976 1018 3981 ,

273 4041 276 4047 -
550 4006 556 4015 ’
1099 3993 1202 4070 Foeta
