2859 4709
230 430 302 528 582
427 416 792 501 ronro'nu
836 365 1044 500 (Matar

226 572 334 636 cent,
362 548 423 625 ubi
451 549 497 624 sol
522 578 591 626 uon
616 553 788 646 quotidie,
810 570 846 623 ut
871 545 1067 635 nobis‚'sed
1090 550 1231 644 primunt

228 675 336 723 verno
361 651 562 745 aquinouio
587 669 743 735 exortus,
771 653 951 735 autummli
980 655 1117 722 demum
1144 648 1231 721 occi-

227 749 305 826 dit,
328 745 370 847 διί
380 749 457 817 ideo
479 745 534 818 sex
557 745 723 819 menfibus
748 746 888 826 diem&
902 748 1046 820 totidem
1071 749 1137 818 aliis
1166 765 1233 814 nort

228 845 332 938 usque
357 845 513 915 contiuua
537 843 592 915 est.
641 844 750 915 Terta
775 845 931 936 augusta,
957 846 1092 936 aprica,
1116 842 1234 937 perse

227 941 366 1022 fertilis,
384 940 527 1013 cultores
549 941 733 1035 julliffimi,
756 939 792 1013 ὃ(
809 936 933 1012 diutius
950 965 1052 1033 quam
1073 942 1124 1014 ulli
1142 963 1233 1008 mor·

226 1037 346 1110 talium
369 1035 553 1112 &beatius
574 1041 701 1109 vivunt.
741 1037 882 1128 Quippe
906 1038 990 1110 seslo
1012 1039 1135 1133 semper
1156 1037 1233 1106 ocio

228 1135 297 1207 laeti
327 1158 394 1204 non
420 1133 505 1204 bella
530 1156 693 1210 novere,
724 1156 792 1203 nou
818 1133 956 1228 jurgia,
990 1134 1087 1206 sacris
1109 1132 1233 1226 operati

229 1230 380 1303 maxime
408 1230 596 1321 Apollinis,
622 1254 765 1322 quorum
792 1231 955 1319 primitias
977 1234 1097 1303 Delon
1121 1225 1233 1300 misisse

225 1327 324 1400 initio
348 1349 408 1418 pet
429 1327 577 1420 virgines
599 1324 689 1409 suns,
714 1328 832 1415 deiude
852 1350 911 1418 per
934 1333 1082 1419 populos
1101 1328 1231 1400 subinde

227 1428 394 1496 tradentes
416 1421 650 1501 ulterioribus:
676 1448 873 1514 moremque
902 1448 981 1494 eum
1008 1427 1093 1504 diu,
1120 1424 1232 1498 &do-

229 1545 292 1590 nec
316 1517 398 1590 vitio
416 1518 570 1612 gentium
593 1539 770 1592 temeratus
788 1517 851 1601 esi,
876 1519 1009 1592 servalle
1037 1523 1230 1594 reseruntur.

227 1615 390 1688 Habitant
420 1617 513 1686 lucus
534 1615 731 1710 sylvasque,
750 1617 787 1691 ἃς
812 1616 868 1686 ubi
893 1641 950 1688 eos
975 1616 1116 1691 vivendi
1140 1619 1230 1690 sacie-

226 1732 299 1790 tas,
322 1710 494 1807 magisque
518 1714 654 1784 taedium
681 1713 808 1806 coepit,
839 1712 956 1785 hilares
977 1717 1129 1786 redimiti
1149 1715 1228 1786 sertis

228 1806 332 1880 semet
360 1808 420 1896 ipsi
445 1811 479 1878 in
501 1812 637 1905 pelagus
657 1834 702 1881 ex
723 1830 810 1881 certa
834 1833 917 1900 rupe
942 1814 1133 1904 praecipites
1152 1816 1229 1885 dant.

223 1906 271 1980 ld
298 1910 345 1978 eis
370 1905 471 1979 sunus
504 1910 666 1977 eximium
693 1908 750 1978 eli.
802 1907 900 1979 Mare
919 1906 1081 1998 Caspium
1112 1931 1152 1983 ut
1175 1926 1228 1982 au*

227 2004 352 2095 gullo,
382 2006 426 2074 ira
454 2004 559 2099 longo
586 2006 685 2075 etiam
709 2003 793 2074 freto
819 2003 962 2092 primum
988 2022 1118 2080 terras.
1148 2007 1228 2102 quast

223 2101 378 2178 fluvius,
402 2100 579 2193 irrumpit:
613 2119 711 2194 atque
739 2100 799 2173 ubi
826 2103 918 2171 redio
947 2100 1043 2172 alveo
1071 2104 1226 2180 influxit,

187 2224 189 2231 ’
225 2202 262 2270 iu
289 2220 354 2270 tres
380 2193 465 2270 smus
494 2193 707 2276 diil'unditur,
737 2214 851 2268 contra
874 2221 912 2268 os
936 2195 1042 2288 ipsum
1067 2203 1102 2269 in
1134 2202 1225 2298 Hyr·

227 2320 374 2374 canum,
398 2295 439 2362 ad
458 2292 619 2369 finistram
642 2294 675 2364 iu
696 2293 908 2390 Scythicum,
933 2297 972 2366 ad
997 2297 1172 2370 dexteram
1199 2301 1228 2367 in

227 2418 306 2464 eum
330 2412 430 2484 quem
456 2390 640 2480 proprii&
661 2390 912 2464 totiusuomiue
933 2391 1093 2482 Caspium
1120 2393 1227 2489 appel·

222 2491 315 2570 lant,
342 2508 442 2558 omne
471 2507 588 2569 atrox,
610 2487 754 2568 saevum,
786 2485 853 2558 srue
876 2489 1049 2580 portibus,
1077 2493 1230 2584 procellis

220 2590 373 2679 undique
400 2583 612 2676 expositum,
639 2610 676 2654 ac
701 2582 819 2655 belluis
851 2585 956 2680 magis
982 2610 1082 2678 quam
1117 2609 1231 2662 caetera

219 2685 404 2758 refertum:
433 2681 469 2754 ἀ
499 2684 576 2753 ideo
602 2684 711 2751 minus
736 2680 933 2774 navigabile.
978 2684 1032 2752 nd
1055 2685 1230 2757 introeun-

221 2783 311 2853 tium
339 2783 488 2852 dextram
516 2776 648 2872 Scythae
672 2779 845 2847 Nomades
868 2777 944 2851 sreti
967 2779 1132 2853 littoribus
1155 2781 1230 2851 inst·

223 2881 314 2951 dent.
356 2878 451 2947 Intus
474 2872 545 2946 sunt
569 2876 610 2945 ad
622 2873 781 2965 Caspium
806 2872 911 2947 smum
929 2873 1107 2967 Caspii‚&
1126 2879 1226 2947 Ama·

220 2997 350 3053 sones,
370 2973 429 3043 sed
452 2996 531 3063 quas
556 2972 798 3042 Sauromatidas
822 2971 1008 3060 appellant:
1034 2975 1071 3044 ad
1090 2972 1225 3065 Hyrca·

218 3094 305 3144 num
332 3066 536 3144 Albanis&
560 3064 722 3149 Moschi-J,
748 3065 784 3140 ὅ(
811 3066 985 3163 Hyrcani:
1019 3071 1048 3139 in
1067 3068 1228 3165 Scythico

221 3164 432 3248 Amardi‚&
450 3161 583 3244 Paeiici,
598 3164 697 3234 etiam
716 3168 756 3234 ad
774 3165 898 3236 stetum
915 3166 1091 3238 Derbices.
1125 3167 1230 3240 Multi

219 3266 254 3336 in
284 3288 325 3335 eo
350 3261 419 3333 linu
444 3261 583 3354 magni,
609 3285 769 3353 parvique
797 3276 911 3334 amnes
933 3262 1062 3336 lluunt:
1083 3255 1148 3334 ¹sed
1174 3264 1230 3356 qui

216 3362 342 3433 famam
374 3358 520 3435 habent,
551 3381 595 3428 ex
633 3357 807 3431 Cerauniis
831 3360 1097 3451 montibusuno
1132 3362 1229 3430 alveo

220 3455 387 3527 descendit
398 3503 408 3536 ‚
421 3453 551 3527 duobus
570 3454 636 3524 exit
652 3456 684 3523 in
696 3451 855 3543 Caspium
870 3455 956 3529 Rha.
984 3455 1113 3528 Araxes
1121 3458 1230 3528 Tauri

216 3553 318 3626 latere
335 3553 487 3622 demissus
505 3552 633 3648 quoad
652 3575 788 3642 campos
808 3552 973 3622 Armeniae
990 3549 1091 3635 secati
1109 3553 1230 3625 labitur

216 3650 363 3741 placidus
380 3649 416 3720 ἃ
434 3647 547 3728 utens,
560 3668 668 3739 neque
691 3647 723 3716 in
739 3664 848 3720 utram
873 3664 997 3739 partem
1020 3667 1091 3731 eat,
1112 3675 1229 3744 quam·

211 3771 317 3840 nquam
344 3743 520 3821 intuearis,
543 3742 779 3816 manifestum:
807 3766 884 3816 curn
911 3745 945 3813 in
972 3743 1137 3837 asperiora
1170 3749 1230 3817 de-

211 3847 327 3921 uenit,
355 3840 432 3911 hinc
458 3856 555 3930 atque
585 3838 671 3911 illinc
694 3839 834 3929 rupibus
862 3839 1015 3930 presius,
1040 3842 1076 3914 ὃ(
1102 3864 1227 3935 quanto

202 3939 409 4040 augustior,
440 3954 530 4009 tanto
560 3935 669 4030 magis
695 3937 845 4028 pernix,
872 3932 994 4032 frangit
1026 3936 1058 4008 se
1089 3930 1228 4011 subinde

200 4044 245 4118 ad
278 4035 443 4140 opposita
481 4033 637 4114 caustum
659 4049 806 4144 'time
841 4031 889 4096 ob
914 4035 960 4098 'td
980 4036 1116 4120 'ingemi
1150 4059 1224 4104 euru

1157 4145 1248 4184 ww·
