2859 4709
404 406 994 534 Annontsronan
1134 419 1208 511 a&

192 557 307 608 onmes
324 532 466 620 consules
478 531 595 624 facere
615 538 724 633 necelffe
745 536 796 629 ell.
838 539 955 610 Livius
976 537 1076 623 tius„
1093 537 1205 633 decu
1254 541 1259 553 ’

194 631 425 728 quodraginta¹
440 628 544 728 lrostiis
574 638 746 728 majoribus
769 655 891 730 praetor
909 633 1133 725 sacrificaret,
1161 637 1204 712 (9¹

194 732 299 821 iiixl.
324 731 436 802 decad.
454 749 485 802 1⁶
519 731 658 803 virentis
675 733 850 824 majoribus
871 726 979 827 hostiis
991 731 1203 822 sacrificare,

195 825 233 900 ἃ
258 827 316 898 lib.
326 845 360 915 9.
382 825 450 899 dec.
464 847 495 900 1.
534 824 659 921 Hofliis
682 829 854 923 majoribus
877 826 1019 913 consules
1041 848 1204 925 procura-

195 944 277 994 rent.
318 922 362 992 In
380 923 497 995 Plauto
518 924 692 1017 legebatur
707 925 878 1020 quotannis
887 923 1022 1016 fecerat.
1040 949 1107 1021 ego
1126 944 1201 997 ante

197 1017 403 1091 Lambinum
426 1017 572 1092 substitui
594 1042 670 1116 quot
692 1023 788 1117 agitis
803 1019 943 1112 fecerat.

243 1119 313 1190 Dic
337 1115 452 1211 quihus
473 1119 509 1188 in
533 1121 643 1190 terris.
679 1121 793 1191 Multa
816 1119 913 1190 multi
938 1121 980 1190 de
1004 1114 1069 1189 hoc
1094 1119 1202 1214 aenig-

198 1229 286 1284 mate
310 1216 495 1284 commenti
517 1211 600 1285 sunt.
640 1216 758 1287 Petrus
782 1215 930 1289 Crinitus
955 1215 1053 1309 tin3.
1075 1235 1146 1310 cup.
1164 1219 1201 1290 8.

197 1308 277 1380 dicit
304 1309 493 1403 Virgilium
516 1311 612 1383 anxie
633 1309 857 1404 quaerentibus
882 1314 923 1384 de
948 1311 1014 1384 hoc
1035 1312 1200 1387 versiculo

197 1404 424 1498 respondille:
447 1406 480 1478 se
503 1432 637 1480 crucem
663 1405 766 1480 fixille
789 1409 1047 1493 Grammaticis,
1076 1408 1110 1479 in
1134 1435 1200 1504 qua

196 1501 228 1574 se
243 1502 369 1578 assidue
384 1504 632 1599 distorquerent.
659 1505 776 1578 Alciat.
793 1508 970 1603 inParerg.
988 1503 1101 1577 nescio
1118 1508 1200 1600 quid

186 1600 237 1670 ,de
255 1600 373 1679 furni,
395 1620 449 1675 aut
473 1601 594 1674 clibani
618 1626 675 1674 ore
700 1601 980 1690 comminiscitur,
1004 1619 1041 1674 ut
1065 1604 1198 1691 interim

196 1697 333 1768 mittam
352 1697 490 1771 aliorum
512 1698 646 1771 frivolas
666 1698 958 1789 interpretationes.
998 1701 1074 1793 Ego
1094 1724 1198 1782 vem,

197 1792 283 1884 quid
308 1793 469 1888 Virgilius
495 1797 638 1869 voluerit
663 1793 866 1889 significare,
890 1795 1030 1867 arbitror
1056 1821 1113 1866 me
1136 1799 1199 1869 de÷

196 1889 410 1980 prehendille.
450 1894 603 1965 Mundus
620 1892 656 1967 ὅ(
672 1892 791 1965 caelum
818 1893 907 1964 idem
927 1889 1097 1984 fignificat.
1133 1893 1199 1960 Pli-

197 1986 269 2058 nius
295 1985 339 2057 stc
362 1987 475 2079 incipit
498 1987 592 2061 suum
615 2011 711 2079 opus.
760 1992 926 2061 Mundum
953 1987 995 2061 (θ’
1027 1990 1086 2060 hoc
1114 1991 1199 2082 quod

198 2084 262 2154 olio
284 2087 412 2157 nomine
438 2088 546 2161 celum
572 2087 732 2185 appellare
763 2086 857 2156 libuit
873 2112 887 2153 .·
922 2086 965 2155 Et
992 2084 1200 2174 Pomponius

199 2178 292 2250 Mela
315 2179 383 2251 stc:
414 2183 518 2255 Omne
544 2183 646 2278 igitur
670 2181 762 2262 hoc,
796 2180 952 2277 quidquid
986 2178 1021 2251 id
1048 2177 1114 2277 di,
1145 2181 1199 2253 cui

198 2277 307 2347 mundi
333 2278 461 2373 celique
485 2303 598 2351 nomen
620 2277 804 2351 indidimus.
845 2274 1000 2358 Macrob.
1028 2276 1064 2348 in
1088 2280 1198 2351 Somn.

197 2390 263 2465 cup.
281 2393 340 2447 20.
368 2375 467 2450 tim.
507 2377 561 2445 Itu
586 2379 670 2448 enim
694 2399 756 2447 non
767 2375 873 2461 solum
900 2397 1041 2450 terram,
1055 2371 1119 2460 sed
1140 2376 1197 2468 ip-

190 2468 259 2554 sum
282 2493 408 2563 qunque
433 2471 563 2547 celum,
584 2475 670 2565 quod
696 2496 772 2543 vere
796 2469 933 2544 mundus
957 2492 1093 2543 vocatur
1117 2491 1214 2550 rems

194 2569 305 2658 peruri
317 2563 391 2652 sole
413 2567 610 2658 certrffimum
631 2564 684 2661 cst
726 2569 829 2641 Nunc
853 2570 971 2645 addam
994 2564 1097 2638 verba
1119 2566 1198 2636 Ma·
1254 2617 1256 2625 .

197 2661 305 2730 erobii
332 2685 374 2733 ex
401 2664 456 2734 lib.
485 2685 516 2737 1.
547 2668 678 2738 Saturis.
705 2685 774 2759 cop.
807 2682 842 2734 ut
869 2664 1012 2757 gradum
1038 2660 1198 2738 faciamus

196 2759 235 2827 ad
258 2759 561 2847 interpretationem
583 2758 752 2831 versiculi:
779 2764 870 2831 Nom
887 2783 983 2854 quum
1000 2759 1122 2835 Lusio,
1138 2759 1196 2830 hoe

196 2849 238 2944 est
261 2854 454 2928 Latinarum
467 2858 611 2946 solemne
635 2858 812 2949 coneipitur
841 2858 919 2926 irem
941 2854 1053 2928 diebus
1075 2857 1196 2927 Satur·

194 2950 375 3020 italiorum:
389 2952 453 3040 sed
469 2955 511 3029 (7⁶
528 2978 621 3069 prtum
639 2956 790 3025 Mundus
809 2973 920 3048 patet:
943 2950 1034 3042 nefus
1051 2948 1095 3046 est
1113 2971 1197 3045 prce·

198 3045 281 3115 lium
287 3046 422 3131 sumere.
464 3052 506 3121 Et
520 3050 629 3142 paullo
644 3049 799 3120 inferius:
820 3053 935 3143 Neque
947 3067 1077 3143 putente
1090 3053 1197 3118 Mun·

194 3139 263 3222 dor
292 3147 377 3236 quod
397 3147 521 3228 sacrum
544 3147 623 3218 Diti
641 3147 743 3240 petri
754 3146 794 3221 (7
828 3146 1026 3240 Proserpinae
1056 3144 1197 3216 uenum

194 3235 254 3328 tsi:
286 3241 455 3338 meliusque
467 3241 595 3328 occlusa
612 3244 764 3314 Plutonis
776 3237 876 3330 fauce
894 3243 1092 3315 eundumod
1114 3260 1198 3336 prte-

194 3335 273 3404 lium
283 3355 492 3429 putaverunt.
533 3340 745 3432 Colligamus
764 3338 866 3432 igitur
887 3363 964 3410 cum
978 3337 1075 3409 Festo
1095 3340 1198 3408 Pom-

193 3431 271 3522 peio
293 3429 387 3505 fuille
403 3435 528 3508 Romae
543 3439 707 3524 templum
730 3433 1000 3516 subterraneum,
1021 3435 1097 3505 Diis
1117 3431 1198 3502 Ma·

194 3524 291 3596 nibus
316 3533 565 3614 consecratum,
593 3534 683 3624 quod
700 3533 853 3603 Mundus
879 3550 992 3623 patens
1009 3545 1198 3600 vocaretur.

195 3621 235 3692 Er
270 3645 379 3700 exeo
405 3629 534 3707 didus,
573 3630 664 3721 quod
690 3647 755 3700 tres
784 3645 913 3698 tantum
945 3626 1015 3698 dies
1043 3625 1078 3693 in
1109 3645 1196 3694 anno
1266 3629 1269 3638 '

194 3737 342 3810 pateret:
368 3728 474 3815 pridie
490 3725 707 3808 Volcanalia‚
726 3726 763 3798 dt
782 3749 811 3796 a.
839 3725 870 3795 d.
888 3744 920 3816 3.
950 3721 1046 3794 Non.
1069 3716 1198 3790 ottob.

193 3817 229 3890 δ(
251 3840 277 3886 a·
308 3821 340 3888 d.
358 3825 389 3897 6.
415 3823 470 3894 Id.
518 3820 694 3894 Novemb.
734 3823 852 3914 Itaque
879 3843 938 3911 per
955 3838 1015 3888 eos
1040 3816 1109 3888 dies
1127 3839 1195 3888 non

189 3935 269 3984 cum
283 3909 379 3990 holle
392 3942 508 3994 manus
527 3916 757 3990 conserebant:
768 3940 839 3988 non
854 3914 1018 3987 exercitus
1035 3910 1198 3987 scribeba-

189 4023 267 4094 tur,
290 4034 362 4133 npn
376 4019 510 4096 comitia
525 4015 756 4190 habebsnuppl,
768 4037 838 4087 non
854 4013 942 4089 aliud
964 4009 1197 4202 quicquanpeipn

239 4144 243 4150 .
767 4132 793 4210 4
1184 4151 1197 4202 Ι.
