2859 4709
205 416 1050 536 334'1‘0n120n11nteaa·

204 561 302 637 tuolo
326 559 435 630 littore
453 560 615 652 pertinax.
647 563 730 647 Ara
744 558 826 652 -iptae
849 579 973 630 nomen
996 581 1041 628 ex
1056 552 1207 633 Philaenis

204 656 361 733 fratribus
385 673 538 734 traxere,
559 658 616 750 qui
638 650 751 729 contra
778 648 987 751 Cyrenaicos
1003 653 1093 724 miffi
1119 653 1206 726 Car·

205 754 344 849 rhagine
367 754 408 849 ad
431 752 655 851 dirimendum
679 751 868 825 conditione
890 750 1042 826 bellum,
1068 748 1126 820 diu
1142 748 1209 840 jam

206 850 391 925 definibus2
406 847 442 922 &
457 873 536 922 cum
554 847 683 945 magnis
699 848 874 923 amborum
891 843 1040 919 cladibus
1059 845 1211 940 gestum,

206 945 381 1045 postquam
404 945 439 1015 in
462 949 610 1037 eoquod
630 963 831 1019 convenerat
850 969 917 1018 nou
940 941 1152 1023 monebatur,
1167 958 1208 1016 ut

206 1040 267 1116 ubi
290 1042 390 1136 legati
415 1038 668 1126 concurrerint,
691 1062 782 1115 cetto
807 1060 962 1133 tempore
985 1037 1135 1134 utrinque
1153 1038 1209 1112 di·

207 1136 318 1215 miffi,
342 1139 390 1208 ibi
413 1137 545 1207 termini
570 1137 804 1212 statuerentur:
830 1133 916 1231 plui
939 1138 982 1208 de
1003 1137 1156 1230 integro,
1174 1149 1210 1207 ut

208 1233 367 1330 quicquid
390 1232 469 1303 citra
497 1231 828 1327 elletrpopularibus
852 1237 1012 1314 cederet,
1034 1229 1209 1305 mirum&

208 1329 373 1494 memoria
402 1327 628 1422 dignissimum
658 1330 826 1411 facimus,
847 1333 902 1406 hic
933 1327 967 1403 se
991 1325 1093 1405 vivos
1118 1327 1211 1402 obrui

209 1445 306 1524 pertu
322 1440 427 1497 erunt.

463 1558 964 1659 CAPUTVHL
1126 1670 1130 1675 ¹

488 1733 951 1818 Crunnntcn
1195 1726 1207 1787 s

267 1919 348 1991 Nde
375 1918 416 1988 ad
438 1915 680 1997 Catabathmon
694 1917 878 2013 Cyrenaica
899 1916 1073 2009 provincia
1097 1915 1208 2023 cibit

282 2038 385 2110 eaque
412 2014 483 2088 sunt
514 2016 690 2087 Ammonis
716 2012 910 2096 oraculum,
942 2014 1024 2086 fidei
1053 2017 1206 2113 inelytai

213 2114 251 2190 ἃ
275 2113 374 2190 fons,
407 2135 508 2204 quem
534 2112 619 2184 Solis
644 2110 831 2203 appellant:
859 2109 896 2185 ἃ
927 2132 1032 2202 rupes
1068 2115 1206 2207 quodam

146 2241 148 2244 ⁴
213 2210 339 2280 Austro
364 2205 458 2280 sacra.
499 2208 585 2283 Haec
609 2231 687 2282 cum
710 2205 887 2280 horninum
908 2231 1017 2280 manu·
1030 2211 1205 2305 attingitur,

212 2306 269 2378 ille
283 2294 484 2376 immodicus
498 2303 650 2396 exurgit,
662 2301 861 2396 harenasque
874 2301 962 2398 quast
976 2305 1085 2380 maria
1100 2327 1208 2401 agens,

213 2400 384 2476 saciavit,
401 2418 437 2472 ut
461 2423 574 2495 aequor
590 2395 757 2473 fluetibus.
793 2402 883 2474 Fons
901 2402 1013 2473 media
1029 2400 1140 2474 'nobie
1153 2402 1209 2475 let·

214 2519 297 2582 vet,
321 2519 404 2568 mox
425 2493 462 2569 &
487 2497 642 2588 paulatim
668 2495 863 2590 tepescens,
893 2497 931 2569 fit
954 2497 1212 2596 lutefrigidus,

209 2613 293 2669 tunc
317 2609 354 2665 ut
380 2590 427 2666 sol
453 2591 555 2688 surgit
579 2592 623 2666 ita
643 2590 828 2687 frigidiora
859 2591 997 2666 subinde
1022 2618 1088 2687 per
1114 2597 1211 2669 meti-

214 2693 305 2763 diem
328 2691 474 2762 maxime
500 2692 599 2785 riget.
637 2689 745 2763 Sumit
771 2691 889 2763 deinde
913 2704 1049 2786 tepores
1071 2692 1215 2774 iterum,

213 2788 252 2862 δε
280 2788 386 2880 prima
410 2788 509 2858 noble
532 2787 680 2870 calidus,
703 2803 801 2880 atque
828 2805 865 2860 ut
890 2788 943 2860 illa
967 2791 1146 2881 procedit,
1174 2790 1215 2862 ita

213 2886 375 2959 calidior:
402 2882 510 2956 rursus
537 2907 615 2956 cum
640 2879 686 2953 etl
710 2883 841 2961 media,
869 2885 1044 2977 perfervet.
1085 2886 1129 2956 In
1154 2885 1216 2957 lit·

213 2998 288 3052 tore
315 2978 544 3073 promontoria
566 2976 639 3049 sunt
661 2976 880 3074 Zephyrion,
904 2983 952 3059 δι·
972 2979 1215 3065 Nattachmos,

213 3095 332 3171 portus
345 3074 551 3148 Paretonius.
588 3073 698 3148 Urbes
711 3072 893 3168 Hesperia,
909 3076 1110 3171 Apollonia,
1130 3078 1215 3150 Pto-

155 3253 158 3256 4
215 3175 334 3248 lomais
349 3217 361 3256 2
378 3169 539 3255 Arlinoe‚
558 3191 656 3267 atque
674 3172 793 3264 (unde
807 3174 901 3258 terris
919 3199 1045 3247 nomen
1061 3172 1135 3269 eit)
1149 3171 1218 3268 ipsa

140 3293 141 3298 ’
213 3269 364 3364 Cyrene.
405 3267 642 3343 catabathmos
665 3268 758 3343 vallis
783 3270 910 3346 devexa
934 3271 974 3364 in
996 3266 1213 3367 AEgysstum,

214 3365 285 3437 finit
309 3367 470 3439 Africam.
508 3367 591 3437 Orae
612 3362 654 3436 fic
681 3364 890 3450 habitantur,
915 3366 956 3441 aii
979 3366 1131 3443 nostrum
1147 3393 1214 3442 ma·

214 3462 306 3533 ximo
328 3465 429 3535 titum
464 3463 605 3534 moratis
635 3461 843 3546 cultoribus,
875 3462 937 3538 nili·
959 3461 1052 3558 quiid
1082 3464 1214 3561 quidam

212 3557 336 3654 linguis
360 3556 538 3643 differunt,
557 3556 595 3633 δι
622 3557 713 3631 cultu
736 3560 876 3635 deorum
894 3581 978 3654 quos
1003 3561 1130 3651 patrios
1154 3561 1211 3634 ser*

212 3674 314 3732 vant‚
342 3681 379 3727 ac
403 3658 515 3748 'patrio
547 3678 642 3727 more
667 3673 876 3730 venerantur.
916 3657 1088 3732 Proximis
1119 3658 1212 3733 nullo

214 3752 351 3841 quidem
373 3755 473 3826 urbes
497 3752 596 3835 liant,
618 3771 728 3826 tamen
753 3754 917 3827 domicilia
939 3752 1034 3835 sunt,
1050 3778 1127 3850 quae
1141 3757 1213 3828 Ma-

211 3846 295 3934 palia
322 3848 546 3943 appellantur:
576 3847 685 3923 villus
708 3849 825 3941 asper,
845 3850 881 3925 &
902 3850 1074 3935 munditiis
1095 3872 1213 3928 carens

207 3941 384 4022 Primores
409 3944 495 4049 logis
510 3946 661 4023 uelantur
672 3988 686 4028 s
697 3949 819 4039 vulgus
838 3944 1014 4022 bestiarum
1029 3952 1213 4041 pecudum·

201 4068 273 4144 que
296 4042 711 4150 pellibussttunil'qutes
730 4034 1095 4132 enuiatuueeauxunxuu
1127 4040 1213 4195 lxlasa

249 4192 253 4201 ,
1154 4157 1234 4218 ῳ
