2859 4709
257 430 308 504 90
593 408 939 484 DrArtrr·

305 534 372 608 His
400 533 456 606 sex
470 539 664 631 praeceptis,
676 555 729 608 aut
744 536 871 618 verilis,
889 549 1043 628 quatuor,
1058 533 1254 626 complexus

257 632 303 706 eli
319 633 480 704 Horatius
493 637 648 726 quicquid
669 638 709 704 ad
725 632 964 724 perfessionem
978 629 1116 724 poeseos
1132 632 1255 722 {peur-

161 818 163 825 s
257 754 294 802 re
313 748 449 821 poterat.
477 731 577 802 Nunc
594 732 714 822 aliquas
730 728 937 821 prosequitur
954 728 1147 821 quaesliones
1159 771 1169 807 ,
1180 748 1254 820 quae

258 827 300 898 ab
319 827 379 898 illis
400 830 567 918 praeceptis
586 831 748 917 pendent:
766 848 845 919 quas
865 827 900 894 in
914 826 1001 896 liunc
1020 826 1133 895 locum
1151 823 1256 893 dillu-

258 922 318 998 lit,
348 948 389 993 ne
412 945 654 1014 preceptorum
675 920 820 995 turbaret
838 921 1027 999 claritatem.
1077 920 1172 993 Nam
1198 914 1256 1012 qui

188 1050 200 1063 e
257 1022 427 1114 praecipit,
444 1019 552 1092 brevis
577 1017 640 1091 elle
658 1018 766 1096 debet,

288 1179 456 1266 Poetaenc
488 1180 614 1266 Graeci
643 1215 694 1267 an
722 1186 852 1268 Larini
874 1182 1145 1295 diligentiores,
1176 1174 1230 1273 δ’
1255 1232 1260 1243 x

629 1301 678 1400 'dc
704 1302 890 1414 pedibus.¹
1293 1324 1295 1340 ²

313 1459 489 1631 Silluba
511 1463 607 1560 longo
626 1465 716 1536 brevi
732 1466 878 1561 suijeslc
901 1485 1038 1538 vocotur
1064 1460 1213 1550 iambum

385 1562 448 1630 Pes
464 1561 565 1631 citus:
581 1565 664 1632 uude
680 1565 774 1634 etiam
786 1566 937 1634 trimetris
954 1561 1127 1644 accrescere
1142 1551 1256 1652 jus-sit

310 1656 438 1728 Nomen
455 1657 600 1726 lambris.
630 1657 741 1748 Quum
746 1658 842 1744 senos
855 1659 1000 1730 redderet
1013 1659 1117 1736 isius,

310 1752 440 1823 Primus
453 1751 496 1822 od
507 1775 677 1824 extremum
682 1752 798 1847 similis
801 1753 884 1849 fibi:
897 1780 961 1827 non
973 1758 1021 1826 im
1032 1755 1179 1848 pridem,
1188 1746 1258 1825 (sc.

262 1872 405 1961 Fabula,
428 1875 553 1970 inquit,
571 1875 692 1948 conslat
714 1902 757 1948 ex
770 1877 911 1966 pedibus
928 1874 1099 1946 iambicis:
1121 1867 1259 1943 Iambus

261 1967 365 2061 porrb
385 1997 426 2042 ex
444 1971 570 2068 syllabis
588 1972 736 2055 duabus,
755 1973 858 2062 prima
881 1971 996 2054 brevi,
1009 1974 1106 2042 altera
1133 1970 1258 2061 longas

262 2069 320 2158 qui
341 2092 399 2157 pes
415 2062 498 2139 acleb
516 2068 615 2139 currit
632 2068 780 2138 celeriter
800 2087 836 2138 ut
855 2067 903 2141 fas
923 2068 978 2143 fit,
994 2068 1030 2143 ὅ(
1046 2068 1096 2158 jus
1111 2064 1258 2135 iambico

263 2162 387 2234 senario
403 2163 585 2236 accrescere
606 2186 731 2234 nomen
752 2163 911 2236 trimetro.
947 2165 990 2234 Id
1009 2163 1079 2243 est,
1096 2184 1202 2256 quum
1223 2154 1260 2228 sit

263 2257 422 2341 senarius,
435 2279 570 2350 propter
583 2261 782 2330 celeritatem
796 2258 867 2352 apse
881 2262 979 2331 etiarn
994 2280 1133 2332 vocatur
1147 2258 1261 2328 trime·

263 2371 332 2425 ter:
343 2358 458 2447 dequo
472 2357 552 2428 dixit
564 2356 802 2446 Quintilianus:
817 2362 883 2430 Sex
895 2358 975 2429 enim
992 2360 1087 2449 pedes
1103 2377 1170 2425 tres
1186 2374 1260 2448 prr·

263 2451 541 2542 suffloucslrabcnr.
552 2452 622 2523 Hic
631 2494 645 2530 ,
655 2451 972 2544 inquam,iambicus
985 2452 1145 2529 senarius,
1156 2470 1263 2541 quum

264 2545 359 2628 senos
373 2551 451 2634 olim
468 2549 551 2621 isius
566 2548 746 2631 reddebat,
768 2573 811 2620 ex
825 2549 915 2640 puris
937 2546 1051 2619 iambis
1069 2545 1261 2632 constabat3¹

265 2641 319 2713 sed
337 2644 424 2736 jam,
444 2670 512 2716 non
532 2648 575 2716 ita
598 2646 749 2737 pridem,
771 2647 896 2738 recepit
920 2643 952 2714 in
978 2646 1057 2714 locis
1079 2641 1262 2734 imparibus

263 2737 425 2829 spondeos
443 2742 547 2812 socios
570 2760 605 2811 ut
618 2741 752 2835 gravior
767 2743 931 2834 aliquanto
946 2740 1180 2813 exaudiretur:
1196 2758 1263 2831 non

264 2853 375 2904 tamen
393 2839 435 2906 ita
451 2838 574 2909 socium
589 2836 714 2908 admisit
728 2837 934 2931 spondeum,
949 2858 984 2908 ut
1001 2838 1047 2908 illi
1063 2839 1195 2906 cederet
1215 2831 1265 2904 se·

265 2934 411 3003 cundum
434 2935 569 3015 locum,
585 2952 638 3006 aut
650 2954 805 3027 quartum
815 2979 826 3016 ,
837 2960 899 3005 nec
912 2935 1009 3005 etiam
1023 2930 1174 3007 sextum,
1187 2953 1263 3021 quae

264 3026 355 3100 sedes
372 3031 501 3122 propria
514 3029 647 3103 iambici
664 3029 719 3101 est.
743 3030 898 3105 Verbum
913 3028 1040 3125 (juffit)
1058 3026 1150 3098 divisi
1165 3025 1266 3120 injus

264 3122 319 3193 stt:
335 3144 371 3195 ut
384 3127 464 3197 infra
476 3169 489 3206 ,
499 3125 542 3220 fit
552 3129 796 3221 judicemque
809 3129 916 3222 perire
928 3130 1050 3201 Poi'tis.
1076 3124 1181 3196 Hunc
1196 3145 1263 3214 pe-

265 3223 343 3299 dem
354 3220 389 3296 ἃ
402 3223 482 3295 hanc
497 3227 609 3318 legem
623 3248 684 3294 nec
699 3224 822 3296 Accius
835 3248 897 3294 nec
909 3227 1036 3295 Ennius
1050 3222 1084 3291 in
1106 3220 1171 3290 suis
1191 3236 1263 3289 tra·

264 3318 387 3483 qoediis
401 3316 617 3392 servaverunt.
643 3319 738 3411 Quid
754 3343 837 3414 ergo
854 3323 923 3414 egit
939 3314 1098 3413 uterque?
1111 3312 1266 3413 Mittitin

278 3416 393 3485 'cenam
409 3416 520 3489 versus
532 3417 666 3511 quidem
683 3412 836 3500 lbnoros,
859 3414 914 3486 sed
928 3434 1144 3507 properatus,
1157 3410 1266 3485 &ca-

265 3529 373 3582 rentes
396 3537 472 3585 cura
486 3514 521 3589 dt
535 3514 637 3590 lima,
655 3513 810 3605 atqueita
824 3512 967 3604 premit,
988 3514 1021 3581 id
1037 3510 1107 3592 est„
1124 3504 1268 3589 cudit&

265 3607 323 3677 vix
335 3612 509 3701 exprimit,
523 3628 559 3681 ut
573 3627 724 3701 appareat
738 3606 898 3703 ignorasse
912 3629 1028 3694 artem.
1047 3611 1090 3680 Et
1103 3607 1196 3699 quod
1207 3628 1267 3695 pe·

264 3704 317 3798 jus
330 3705 397 3790 ell,
417 3707 458 3780 lic
475 3707 506 3779 se
519 3705 677 3778 defendit.
704 3706 794 3796 Quis
807 3706 853 3776 est
867 3727 922 3778 aut
937 3701 1193 3800 quotusquisque
1209 3696 1268 3797 qui

263 3801 350 3889 inter
371 3808 537 3897 agendum
553 3801 649 3896 poffit
664 3801 808 3894 judicare
830 3802 998 3896 legitimus
1017 3827 1060 3872 ne
1079 3799 1116 3878 sit
1138 3796 1269 3870 iambus

265 3920 326 3967 nec
345 3901 407 3969 nel
435 3897 603 3992 precipue
621 3919 725 3989 quum
740 3898 900 3968 Romanis
916 3899 1028 3970 Po'e'tis
1041 3897 1110 3970 huc
1131 3895 1270 3989 indigna

265 3993 461 4086 inconcessa
481 3993 598 4093 venia?
627 3993 705 4082 Ala,
728 3987 1143 4103 quantbresliuseliet,s1
1163 3992 1269 4068 Poeta

1162 4108 1270 4189 quum
