2859 4709
210 502 284 587 350
413 487 778 559 Poatrouu
823 481 1066 556 Mente⁵

209 616 337 710 laqueis
372 616 605 707 intercepere,
640 614 803 688 trahendo
836 603 1030 684 conficiunt.
1074 603 1247 682 Nuhuul'

209 731 343 796 tamen,
370 737 490 787 verum
518 732 555 784 ut
581 692 711 785 nuliiles
738 710 943 786 habeamur,
970 733 1040 780 non
1067 709 1100 778 in
1129 727 1219 780 aetate

208 814 331 885 modiis
359 808 432 881 est:
461 809 534 880 Nili
563 832 637 901 quae
663 807 792 881 hostem
820 808 1045 889 interemere,
1073 805 1219 898 virgines

210 922 358 980 manent.
399 902 475 997 Ipse
504 906 630 979 Tanais
659 931 701 978 ex
727 903 872 998 Riphaeo
901 924 1020 974 monte
1050 904 1217 996 dejectus,

199 1002 295 1077 'adeh
330 1024 475 1095 praeceps
513 1001 604 1085 ruit,
638 1018 676 1094 ut
702 1027 787 1074 eum
815 1001 923 1074 vicina
951 1000 1113 1080 flumina,
1144 1020 1215 1069 tum

209 1101 356 1174 Moeotis
386 1098 423 1172 δι
448 1095 661 1193 Bosphorus,
687 1115 765 1179 tum⁴
788 1097 887 1169 Ponti
918 1099 1052 1192 aliqua,
1076 1095 1216 1168 brumali

207 1199 324 1292 rigore
352 1198 535 1271 durentur,
562 1195 649 1268 solus
676 1194 772 1267 aestus
796 1193 1028 1291 hyememque
1052 1193 1145 1286 juxta
1169 1195 1217 1265 se·

206 1318 315 1370 rens,
350 1291 442 1362 idem
471 1289 637 1382 semper,
665 1291 701 1366 ὃ(
730 1289 876 1365 sublimis
909 1291 1129 1382 incitatusque
1158 1294 1218 1362 de-

206 1406 327 1463 currat.
375 1386 480 1478 Ripas
509 1388 582 1480 ejus
611 1392 846 1471 Sauromatae,
883 1386 1036 1479 &ripis
1066 1387 1217 1460 haerentia

206 1486 382 1580 poffident.
434 1483 509 1557 Una
546 1510 662 1580 gens,
699 1486 823 1578 aliquot
850 1485 996 1576 populi,
1029 1484 1067 1559 ὃ(
1099 1487 1216 1577 aliquot

205 1580 354 1656 nomina.
397 1582 500 1652 Primi
516 1579 646 1656 Moetiti
669 1580 954 1675 wtmuqm'pnoa
971 1581 1101 1678 Regna
1120 1587 1215 1656 Arna·

206 1703 353 1752 zonum:
382 1677 561 1752 soecuodos
588 1678 734 1772 pabulo,
758 1684 800 1753 ad
819 1681 880 1752 alia
896 1679 1020 1752 steriles
1048 1682 1213 1772 nudosque

204 1800 346 1867 campos
370 1794 481 1846 tenent
509 1776 637 1848 Budini.
682 1776 809 1855 Geloni
837 1774 956 1847 urbem
987 1775 1139 1869 ligneam
1162 1779 1213 1848 he·

170 1877 177 1891 “
204 1871 319 1944 bitant.
370 1873 470 1954 Juxta
498 1871 744 1968 Thyrsagetae,
768 1875 958 1966 Turcaeque
983 1873 1093 1945 vallas
1118 1874 1212 1973 sylvas

205 1985 395 2061 occupant,
418 1972 614 2064 alunturque
634 1973 798 2043 venando
845 1970 940 2042 Tum
969 1971 1140 2045 continuis
1161 1995 1213 2043 ru·

169 2117 171 2122 .
204 2065 328 2157 pibus,
357 2066 421 2136 late
447 2064 557 2158 aspera
586 2066 623 2139 &
649 2066 773 2139 deserta
798 2067 894 2160 tegio
924 2069 966 2137 ad
991 2068 1208 2162 Arymphaeos

205 2162 311 2256 ul'que
342 2162 566 2252 permittiturr
598 2163 666 2235 His
693 2162 854 2257 justissimi
885 2185 1021 2235 mores:
1056 2167 1124 2236 Pro
1149 2168 1205 2235 do·

201 2259 319 2333 unibus
345 2281 505 2347 nemora,
531 2259 683 2332 alimenta
701 2262 835 2338 baccae,
856 2258 894 2335 &
919 2258 1069 2333 maribus
1096 2261 1133 2336 ὅ(
1150 2261 1206 2334 soe·

206 2353 307 2427 minis
329 2357 416 2425 nuda
440 2353 511 2426 sunt
532 2355 647 2447 capita.
679 2360 769 2432 Sacri
790 2352 899 2452 itaque
919 2356 1097 2452 habentur,
1120 2362 1209 2431 adeo-

176 2460 274 2542 'que
296 2448 381 2541 ipsos
406 2474 508 2521 nemo
535 2454 577 2522 de
610 2472 678 2524 tam
706 2456 785 2528 feris
809 2453 964 2551 gentibus
1000 2456 1154 2539 violant,
1176 2472 1208 2529 ut

205 2547 278 2620 eliis
304 2570 439 2648 quoque
466 2549 505 2618 ad
531 2572 589 2620 eos
617 2551 800 2648 confugisse
819 2576 881 2642 pro
901 2550 1008 2648 Asylo
1032 2551 1081 2623 fit.
1099 2640 1103 2646 Ι
1122 2555 1210 2625 Ultra

177 2732 180 2737 ,
204 2642 309 2739 surgit
336 2667 432 2723 mons
460 2641 685 2737 Rhiphaeus,
715 2652 865 2746 ultraque
893 2673 972 2724 eum
1001 2649 1090 2748 jacet
1126 2675 1182 2727 ora
1196 2692 1209 2734 ‚

201 2746 281 2837 que
305 2737 427 2838 speetat
453 2764 628 2819 oceanum.
