2859 4709
394 385 466 459 Du
505 387 661 460 Anna
700 390 960 467 Pooutctt:
1083 418 1152 499 ης

201 508 264 580 bit,
284 529 347 590 quas
368 512 407 577 de
428 513 673 590 coagmentatione
690 512 851 582 literarum,
870 517 901 576 bt
924 517 1089 595 syllabarum
1107 520 1153 577 in-

196 604 239 652 ter
255 589 282 652 se
300 591 441 670 disputant
453 592 605 661 Rhetores,
620 593 853 670 disquireremtts:
867 594 914 656 sed
934 598 998 673 quia
1018 616 1066 656 nos
1080 618 1154 660 nunc

200 672 305 749 ροᾰιω
327 692 386 738 oon
407 674 444 732 ab
465 672 638 733 incunabulis
656 673 856 741 informamus,
877 673 926 736 sed
950 679 1076 737 adultum
1096 681 1153 752 jam

203 753 231 810 dt
254 750 327 828 quafi
346 751 503 823 perfeetum
519 751 648 813 limamus
658 790 668 819 ,
682 755 712 813 dt
726 753 914 814 ostentamus:
934 757 1070 818 minutula
1088 757 1153 822 iiia,

203 831 304 908 quein
325 831 483 892 Rhetorum
502 830 600 891 scholis
622 834 882 909 docentur.praeter
904 836 1060 903 mittentes,
1084 854 1154 913 pau·

202 911 258 971 sula
276 911 313 970 de
332 910 472 971 novandis
492 911 609 972 vocibus
629 911 796 988 aperiemus.

235 990 340 1051 Tribus
361 988 442 1057 sete,
463 1005 513 1048 aut
536 1007 653 1068 quatuor
671 990 763 1051 modis
783 1009 889 1054 novare
907 991 1045 1069 poffumus
1064 1003 1156 1055 vota-⁸

202 1070 279 1138 buia,
291 1069 340 1132 sed
354 1066 383 1129 io
405 1068 536 1131 omnibus
554 1069 695 1147 parce,&
707 1072 858 1148 prudenter
870 1073 923 1132 hac
942 1071 1055 1133 licentia
1072 1090 1152 1134 uten-

202 1151 265 1211 dum
286 1150 338 1210 eii.
369 1148 464 1210 Primo
477 1149 565 1210 modo
582 1150 683 1210 callida
694 1150 825 1211 Junmra
839 1149 958 1228 primum
972 1152 1068 1212 locum
1082 1173 1152 1214 ven·

202 1226 290 1297 dicat,
314 1249 401 1304 quum
421 1247 459 1290 ert
477 1227 595 1289 vocibus
612 1228 697 1296 tritis,
716 1231 749 1292 &
770 1228 938 1309 pervulgatis
960 1230 992 1291 fit
1008 1252 1104 1307 nova,
1120 1234 1155 1294 δε

203 1307 371 1369 admirabilis
390 1309 466 1377 teia,
489 1306 548 1384 quae
568 1329 662 1376 noua,
683 1310 716 1370 &
737 1310 862 1372 inaudita
884 1310 1002 1372 ridetur.
1040 1311 1156 1373 Deinde

203 1407 285 1463 quum
301 1391 338 1448 ad
358 1408 402 1450 res
420 1407 605 1471 norasnova
620 1408 727 1456 voces,
741 1390 926 1468 &nunquam
942 1388 1036 1469 priscis
1057 1393 1163 1454 audita.

201 1466 394 1545 proferuntur,
415 1482 447 1526 ut
466 1465 582 1525 cittiuti
600 1467 730 1546 Cethegi.
1156 1460 1159 1482 ¹

239 1547 384 1608 Poffumus
410 1561 543 1624 praterea
560 1544 666 1626 fingere
688 1546 804 1615 verba,
830 1546 850 1606 fi
872 1549 890 1608 b
911 1546 1015 1608 Grecis
1034 1549 1154 1610 vocibus

202 1645 268 1686 cum
290 1625 485 1686 moderamine
503 1624 606 1686 fuerint·
622 1629 751 1694 detorta,
773 1642 803 1686 ut
823 1627 970 1708 Episcopus,
995 1633 1155 1710 Prophetas,

203 1704 384 1785 Philosophus,
403 1706 457 1762 diro
478 1723 529 1781 pro
547 1705 605 1765 lite.
637 1705 780 1765 Postremo
798 1707 903 1773 muita,
924 1727 983 1782 que
1005 1710 1060 1779 iam
1078 1709 1156 1769 ceci·

200 1787 309 1844 derunt
329 1783 460 1843 vocabuit
480 1785 512 1845 ἀ
538 1785 700 1860 antiquitate
719 1784 776 1860 ipsa
793 1783 879 1846 veluti
901 1787 1047 1847 obliterata
1072 1789 1157 1854 sunt,

198 1862 308 1941 poteris
332 1860 362 1920 in
380 1862 471 1924 iucem
492 1883 650 1935 revocare,
674 1879 704 1925 ut
727 1866 862 1941 prosapia,
882 1865 965 1942 fuat,
982 1867 1037 1925 titi.
1075 1867 1157 1935 Nam

199 1945 260 2004 haec
281 1939 378 2004 omnia
395 1942 509 2020 antiquis
530 1945 634 2020 po‘e‘tis,
656 1960 685 2004 ut
701 1942 838 2010 Catilio,
858 1943 891 2002 dt
912 1944 1012 2003 Plauto
1030 1943 1157 2006 concess'a

199 2022 281 2082 sunt:
303 2040 390 2098 quum
408 2021 506 2100 lingua
532 2023 665 2092 Catonis,
693 2024 726 2084 &
751 2022 834 2083 Ennii
856 2023 1014 2084 sermonem
1037 2026 1157 2097 patrium

201 2100 348 2167 ditaverit,
364 2103 397 2163 &
417 2121 495 2164 nova
512 2120 604 2163 tetum
624 2102 738 2161 nomina
751 2102 913 2176 protulerit,
926 2103 986 2161 Cur
1001 2101 1077 2161 idem
1089 2104 1159 2162 Vir.

200 2182 285 2259 gilio,
304 2179 453 2259 Varioque
470 2200 526 2241 non
549 2179 742 2244 concedetur?
765 2184 1016 2253 Quemadmodum
1038 2181 1156 2243 enimin

202 2260 273 2320 hiric
295 2260 450 2340 contingit,
472 2276 502 2319 ut
521 2259 590 2322 folia
609 2262 698 2335 prima
719 2262 838 2329 cadant,
859 2263 890 2322 &
914 2281 989 2323 nova
1009 2263 1155 2337 quotannis

202 2340 366 2407 succedant,
395 2340 431 2399 iic
452 2339 535 2400 etiam
558 2345 710 2403 verborum
730 2358 825 2420 aetates
851 2342 960 2416 perire,
988 2342 1019 2400 &
1041 2341 1154 2422 interire

202 2419 315 2491 poisunt.
345 2418 450 2480 Omnia
467 2419 543 2480 enim
564 2421 647 2480 morti
667 2421 822 2480 debentur:
839 2423 869 2481 &
889 2420 1001 2480 humina
1021 2421 1106 2480 etiam
1121 2424 1155 2481 &

203 2499 277 2559 lacus
295 2516 453 2566 mutantur,
471 2501 502 2558 &
525 2519 620 2579 regum
638 2518 726 2573 opera
743 2502 799 2575 jam
818 2498 938 2560 vidimus
959 2498 1089 2560 effestum
1101 2538 1110 2564 ,
1124 2512 1160 2565 ut,

202 2578 248 2637 tabi
269 2595 348 2638 antea
368 2596 446 2657 prata
466 2577 588 2649 fuerint,
606 2578 636 2640 fit
656 2598 733 2640 mare
755 2579 942 2659 profundum:
959 2578 1055 2640 &ubi
1076 2595 1153 2639 maro

202 2655 271 2728 ftu't,
290 2677 366 2719 nunc
385 2657 489 2738 segetes
514 2662 705 2723 maturescant.

364 2843 995 2931 Annornntouam

239 3011 347 3074 'Caiiida
359 3015 519 3097 iustiora.)
560 3018 614 3076 Pro
626 3013 760 3092 exemplo
773 3012 824 3075 erit
837 3013 915 3091 hujus
928 3013 1072 3092 precepti,
1085 3022 1150 3075 nam'

203 3113 290 3170 quum
308 3094 435 3162 caiiidtrr,
456 3097 487 3156 &
511 3096 639 3156 iunctura
659 3094 707 3153 iint
733 3093 845 3164 antiqua
873 3096 905 3154 &
932 3093 993 3152 trita
1014 3093 1152 3159 nomina,

203 3171 278 3233 nore
297 3175 455 3242 tamem&
473 3175 667 3255 elegantiffimd
688 3173 835 3248 conjunsta
856 3174 995 3248 quandam
1019 3172 1152 3248 objiciunt

203 3251 312 3313 autibus
336 3255 499 3315 novitatem.
534 3255 581 3316 Sic
606 3254 741 3333 Virgilius
764 3251 852 3312 dixit:
869 3269 972 3334 pontem
998 3253 1152 3329 indignatur

207 3336 325 3390 Araxen
343 3335 374 3393 ἃ
388 3332 494 3411 serrum
512 3353 618 3395 armare
641 3353 753 3393 veneno.
789 3335 869 3392 Juxta
888 3332 1012 3392 usitatum
1034 3348 1154 3407 prover÷

203 3410 297 3474 bium:
309 3415 458 3472 communia
477 3415 583 3493 quidem
603 3413 690 3479 novi,
704 3432 778 3470 nova
797 3431 861 3469 vero
879 3415 1058 3469 communiter.
1084 3410 1153 3466 Rur-

204 3492 246 3548 sus
266 3490 398 3552 Horatius
418 3493 552 3553 Cinbiutor
569 3512 653 3554 vocat
675 3492 834 3569 Cethegus,
857 3510 912 3565 quo
933 3489 1047 3550 nomine
1067 3505 1153 3548 nemu

206 3586 269 3633 aute
287 3590 355 3631 cum
375 3576 438 3632 uhts
456 3591 580 3651 unquam
599 3573 659 3635 fuit.
689 3575 775 3633 Unde
797 3567 891 3647 postea
911 3571 994 3627 Ovid.
1009 3586 1034 3640 5.
1056 3564 1122 3647 fast.

280 3678 383 3736 Sentice
401 3695 447 3759 per
464 3679 556 3737 coierit
576 3678 696 3738 ciniiutir
717 3682 804 3734 Fertne
826 3676 958 3756 Lupercis.

204 3778 254 3845 Sis
271 3781 349 3844 enim
369 3785 471 3847 melius
494 3781 593 3861 legitur
621 3783 649 3843 in
671 3779 879 3847 Plantinianis,
911 3778 994 3852 quim
1009 3771 1157 3867 sacristiis}

206 3863 412 3925 ncorneuus
433 3865 582 3941 Cethegus
603 3861 749 3924 Annibalis
771 3857 942 3933 temporibus
963 3855 1066 3914 Contitl
1087 3853 1156 3914 futt:

207 3942 405 4006 &Cornelios
437 3945 586 4020 Cethegus
618 3943 695 4004 annis
715 3937 784 3998 ocio
806 3937 866 4021 poi}
893 3951 999 3994 creatus
1031 3934 1161 3998 Consul,

207 4021 290 4095 §tio
312 4022 478 4101 Hispaniam
497 4020 606 4094 nitius,
627 4043 677 4088 stt.
696 4017 786 4156 ngilliia
806 4018 992 4092 hispanorum
1009 4035 1066 4079 uno
1084 4033 1154 4150 prg-

763 4117 780 4155 2
1140 4106 1160 4159 0.
