2859 4709
168 373 278 487 '176
425 389 463 460 P.
500 385 651 462 V11tc.
687 385 980 466 Ennomon,

201 514 353 587 Carmina
378 531 475 609 cepta
499 514 585 598 tuis,
608 536 704 611 atque
719 507 804 585 itanc
812 508 885 605 fine
900 531 1044 605 tempora
1061 509 1180 583 cirenem

200 614 291 684 Inter
319 609 476 695 uiiirices,
492 610 639 681 hederam
665 611 723 680 cibi
737 609 869 702 serpere
892 609 1014 679 tauros.

200 708 336 804 Frigida
361 711 420 781 vix
447 709 524 779 calo
547 702 651 778 noiiis
675 704 837 801 decesserat
858 697 992 783 umbra,

203 807 287 888 Cum
307 830 363 876 ras
384 804 419 875 in
442 827 555 875 tenera
575 805 683 899 pecori
732 800 897 892 rattffimus
921 801 1022 896 herba
1046 795 1115 895 esi,

202 901 392 981 Incumbens
417 901 509 974 tereti
532 902 662 972 Damon
686 829 730 992 fige
753 899 841 996 cepit
867 895 972 968 olivae.

202 998 269 1076 Da.
295 997 464 1087 Nascere,
491 1017 623 1094 praeque
653 1000 737 1070 diem
767 996 899 1068 veniens
927 1019 1020 1092 age,
1052 991 1207 1087 Lucifer,

252 1097 396 1171 almum,
822 1150 840 1177 ¹.
1053 1116 1056 1134 ¹
1107 1128 1110 1148 ·

205 1191 362 1286 Consugit
386 1187 521 1284 indigno
543 1187 637 1274 Nisae
659 1193 810 1283 deceptus
832 1213 942 1260 amare
971 1243 974 1249 -

205 1284 450 1382 Dumquerar,
471 1283 512 1358 (θ’
533 1289 648 1365 divos,
670 1300 852 1382 quanquam
874 1287 921 1356 nil
944 1280 1074 1379 tesiibus
1095 1278 1165 1356 iuis

204 1380 357 1476 Proseci,
383 1402 527 1454 extrema
550 1384 688 1454 moriens
710 1404 815 1454 tamen
838 1381 984 1477 alloquor
1010 1383 1103 1452 hara.

204 1482 354 1574 „Incipe
383 1477 562 1548 Maenalios
582 1504 724 1561 mecum,
750 1504 819 1550 mea
844 1479 946 1559 tibia,
971 1477 1097 1565 versus.

205 1578 371 1652 Maenalus
395 1595 606 1671 argutumque
628 1601 761 1656 nemus,
781 1573 931 1671 pinosque
957 1577 1126 1670 loquentes

205 1679 340 1769 Semper
367 1672 481 1751 habet,
500 1670 626 1768 semper
651 1671 809 1770 passarum
833 1673 889 1744 ille
915 1672 1007 1744 audit
1035 1691 1181 1754 amares,

206 1764 384 1864 Panaque,
410 1768 465 1861 qui
486 1769 609 1862 primus
633 1771 773 1841 calamos
799 1793 862 1840 non
885 1766 991 1862 passus
1016 1771 1150 1839 inertes.

208 1869 356 1961 „incipe
383 1865 567 1935 Maenaliac·
582 1889 725 1945 mecum,
747 1890 825 1936 mea.
839 1867 944 1959 tibia,
964 1867 1084 1952 versus.

209 1958 327 2059 Mopso
351 1960 436 2046 Nisa
461 1963 581 2045 datum
607 1963 687 2057 quid
711 1986 775 2034 non
783 1963 948 2054 speremus
969 1957 1135 2032 anantes?

209 2065 393 2158 Iungentur
410 2061 480 2152 sam
501 2058 644 2152 grupites
672 2061 781 2154 equis,
806 2083 932 2152 avoque
947 2059 1095 2151 sequenti

210 2161 291 2230 Cum
316 2155 446 2228 canibus
472 2153 579 2225 timidi
604 2157 733 2226 venient
760 2153 803 2225 ad
820 2154 938 2250 pocula
957 2159 1072 2225 damae.

181 2260 184 2268 ’
209 2254 346 2348 Mopse,
370 2272 469 2320 navas
493 2247 599 2320 incide
612 2250 728 2341 sace53
754 2251 813 2322 tibi
841 2254 969 2322 ducitur
994 2274 1103 2332 uuor,

210 2346 510 2446 Sparge„mariee,
536 2367 654 2434 nuces3
675 2349 735 2419 tibi
754 2348 870 2434 deserit
889 2347 1051 2440 Hesperus
1065 2349 1189 2421 Oetam.

212 2488 235 2543 ,7
250 2447 358 2540 Incipe
380 2440 557 2512 Maenalias
579 2468 722 2525 mecum,
745 2468 817 2514 mea
843 2443 945 2525 tibia,
965 2441 1087 2528 versus.

212 2545 247 2616 0
274 2543 373 2638 digno
401 2536 569 2631 conjuncia
599 2543 694 2623 vita,
714 2540 787 2611 dum
816 2539 953 2635 despicis!
973 2562 1104 2622 amnes,

213 2643 363 2734 Dumque
388 2638 449 2708 tibi
471 2629 513 2727 esi
535 2636 609 2707 adio
629 2661 698 2707 mea
714 2634 844 2731 fistula,
865 2642 1000 2730 dumque
1018 2635 1172 2730 capella,

214 2737 444 2826 Hirsutumque
459 2732 693 2823 supercilium,
714 2735 908 2828 prolixaque
932 2730 1056 2808 batha,

215 2832 289 2902 Nec
314 2854 425 2901 curare
449 2831 559 2900 Deum
585 2829 688 2901 credis
713 2831 864 2901 mortalia
887 2851 1073 2925 quenquam.

214 2966 240 3004 „
256 2928 365 3022 incipe
389 2927 567 2998 Maenalios
592 2942 732 3021 mecum,
758 2951 829 2998 mea
850 2928 951 3009 tibia,
975 2924 1096 3013 versus.

215 3025 352 3117 Sepibus
379 3022 412 3090 in
436 3017 548 3113 nastris
570 3044 709 3118 parvam
733 3044 766 3093 te
792 3008 919 3112 inscitia
938 3021 1024 3091 mala

214 3120 321 3208 (Dux
343 3143 403 3211 ega
427 3114 525 3212 vester
550 3115 658 3208 eram)
686 3119 758 3191 viat
787 3144 857 3190 cum
883 3138 982 3190 matre
1006 3119 1173 3212 legentem.

214 3215 313 3286 Alter
338 3216 377 3285 ab
402 3214 566 3285 undecimo
597 3237 664 3287 tum
691 3220 836 3310 mejam
860 3235 1027 3310 acceperat
1049 3239 1174 3288 annus:

214 3314 290 3384 Jam
308 3309 455 3406 fragiles
477 3307 666 3406 poteramci
693 3329 781 3382 terra
805 3317 988 3404 contingere
1004 3334 1123 3383 ramos.

218 3407 379 3490 Uettidi,
404 3428 439 3476 ut
459 3409 564 3500 perii,
588 3431 624 3479 ut
651 3430 700 3478 me
728 3409 833 3479 malus
859 3407 986 3502 ahsiulit
1010 3431 1114 3480 error.

216 3547 240 3586 „
256 3503 368 3600 Incipe
391 3505 570 3575 Maenalios
596 3527 740 3587 mecum,
763 3529 831 3576 mea
847 3507 958 3585 tibia,
982 3503 1102 3590 versus.

216 3604 317 3703 Nunc
333 3599 429 3689 scio,
454 3602 532 3695 quid
550 3598 594 3693 fir
622 3625 734 3681 amar,
761 3605 852 3674 duris
872 3605 907 3671 in
932 3601 1055 3672 cotibus
1081 3601 1177 3670 iilum

216 3699 375 3784 Ismarus,
398 3718 455 3768 aut
481 3697 660 3791 Rhodope,
686 3719 744 3770 aut
769 3701 903 3771 extremi
925 3700 1156 3781 Garamantes,

219 3797 294 3866 Nec
311 3795 441 3889 generis
463 3788 563 3886 nosirt'
580 3815 734 3891 puerum,
760 3819 820 3867 nec
838 3796 1012 3889 sanguinis
1034 3797 1146 3866 edunt.

216 3894 367 3983 „Incipe
390 3889 570 3962 Maenalios
595 3914 738 3967 mecum,
761 3916 831 3961 mea
858 3893 960 3975 tibia,
985 3890 1105 3978 versus.

215 3991 330 4062 Serus
353 4011 439 4066 autur
465 3988 572 4079 docuit
598 3976 924 4086 uutotum⁰sanguitte
953 4006 1088 4068 matrem
1157 4064 1160 4070 ,

1132 4084 1207 4162 Cam
