2859 4709
571 414 574 419 ’
688 431 848 526 (272)

264 574 269 587 ’
367 616 569 727 ‘Aust
617 619 894 725 PERSII
942 556 1164 730 'vtrus

261 844 267 869 s
365 846 445 918 Ulus
458 838 754 937 PerfiusFlaccus‚
778 862 814 915 ut
837 862 929 916 autor
945 845 1172 941 estEusebiun
1194 852 1266 927 Voi

380 943 508 1012 saterris
538 941 703 1014 Hetruriae
735 940 867 1013 civitate
892 965 988 1016 uatus
1016 944 1081 1040 est,
1110 952 1196 1043 quod
1222 949 1266 1025 (V

264 1045 329 1143 ipse
352 1039 478 1116 videtur
501 1039 656 1118 innuere,
679 1061 749 1108 cum
776 1040 824 1108 uit
842 1038 960 1136 satyra
982 1042 1100 1129 sextu:
1137 1088 1176 1145 s,

570 1159 660 1231 Mihi
687 1183 775 1231 nunc
799 1161 906 1252 Ligus
928 1186 986 1234 ota

310 1261 459 1349 Intepet‚
474 1253 700 1352 hyberuatque
713 1280 828 1327 meum
844 1280 951 1339 mare,
967 1256 1032 1348 quit
1047 1257 1129 1335 latus
1145 1260 1261 1357 ingens

307 1357 399 1427 Dant
421 1353 568 1442 scopuli,
583 1351 737 1425 &multa
759 1353 848 1425 littus
868 1351 900 1423 l'e
919 1356 1003 1426 ualle
1019 1380 1188 1449 receptat,

308 1450 437 1528 Lunai,
450 1448 514 1520 &u
529 1449 694 1533 Describit
707 1450 789 1520 enim
800 1470 927 1543 portum
936 1453 1058 1534 Luuae,
1069 1462 1156 1549 quod
1172 1461 1261 1553 oppi-

259 1543 393 1642 'dumtfl
413 1547 447 1617 iu
462 1546 639 1625 Hermio,
656 1541 721 1640 qui
733 1544 920 1639 serefferut:
941 1547 981 1621 (5
994 1573 1080 1621 more
1091 1554 1188 1637 suum
1203 1579 1261 1625 vo·

261 1670 334 1726 cut,
363 1646 510 1714 nimirum
530 1641 568 1728 se
594 1643 788 1731 Httruscum
808 1641 1006 1739 fignificarts.
1054 1651 1167 1721 Natus
1197 1648 1261 1745 est,

260 1763 297 1817 ut
318 1740 445 1838 quidam
468 1743 600 1822 volunt,
615 1739 676 1825 sub
698 1740 829 1811 Tiberio
841 1743 1015 1851 pincipe,
1037 1747 1107 1836 ejus
1136 1750 1260 1840 imperii

259 1866 345 1912 anno
364 1857 447 1910 XXI.
475 1859 617 1907 mortuus
639 1838 783 1907 Neronis
805 1860 907 1917 nono,
940 1863 1008 1909 cum
1030 1865 1144 1934 ageret
1163 1845 1260 1918 tritt-

252 1936 368 2035 fimum
394 1936 499 2004 aetotis
515 1933 586 2021 suae
616 1958 745 2004 anuum.
794 1934 925 2004 Romam
955 1936 1135 2008 litterarum
1166 1942 1260 2028 causo

254 2033 441 2133 professus,
453 2033 581 2125 sumpta
601 2030 691 2102 virili
712 2050 809 2125 toga,
833 2036 976 2106 Cornuto
995 2035 1186 2131 Philosopho
1205 2038 1260 2109 de·

256 2134 307 2227 rsit
331 2122 478 2227 operarii,
500 2152 589 2222 quem
606 2126 770 2224 praetiput
792 2127 1002 2218 observabat,
1025 2152 1060 2201 ut
1083 2134 1147 2224 ipse
1165 2131 1261 2228 testa·

258 2253 310 2304 tur
335 2234 456 2324 Satyra
480 2227 599 2316 quinta.

306 2353 399 2426 Cum
421 2348 566 2439 primum
592 2345 713 2439 pavido
734 2343 841 2419 custos
863 2347 945 2421 mihi
966 2375 1108 2442 purpura
1132 2352 1224 2422 ceffit

304 2449 462 2541 Bullaque
482 2443 652 2516 succinslis
672 2443 793 2516 laribus
814 2447 930 2518 donata
953 2451 1132 2540 pependit,

305 2550 369 2620 Me
390 2542 451 2614 tibi
474 2539 651 2632 supposui,
672 2562 804 2612 teneros
825 2562 861 2613 tu
885 2541 1016 2636 suscipis
1033 2568 1138 2617 annos

304 2644 472 2717 Socratico
500 2640 652 2712 Cornute
676 2635 755 2710 sinu.

306 2766 441 2836 Amicos
462 2763 496 2830 in
513 2761 627 2855 primis
647 2761 746 2832 coluit
768 2762 946 2835 Miuutium
962 2767 1150 2836 Macrinum
1165 2789 1258 2859 eque·

249 2859 325 2957 slris
345 2861 465 2931 ordinis
479 2855 729 2950 principem&
748 2856 879 2952 Caefium
897 2861 1023 2951 Bassum
1065 2865 1167 2932 ob'tum
1187 2863 1256 2958 Ly·

257 2960 367 3030 ricum.
414 2957 541 3027 Praeter
568 2954 625 3024 lias
640 2954 798 3049 satyras,
826 2956 910 3028 nihil
934 2958 1024 3051 scrip
1038 2959 1090 3051 rffe
1119 2954 1256 3048 testatur

256 3053 482 3146 Quintilianus
510 3046 566 3119 lib.
583 3069 639 3123 10·
666 3051 706 3120 re
719 3051 831 3150 sisyra
850 3054 998 3146 loquens,
1024 3057 1060 3124 iu
1080 3057 1160 3126 lianc
1171 3054 1258 3140 stu·

257 3153 410 3222 tentiam:
434 3146 585 3217 Multum
603 3144 639 3218 δι
654 3168 741 3218 vetae
764 3149 880 3242 glotiae
901 3151 1051 3242 quamvis
1075 3174 1145 3222 uno
1169 3150 1258 3223 libro

257 3246 386 3319 Persius
411 3242 544 3315 metuit.

623 3360 668 3427 Et
693 3356 887 3427 Martialis:

303 3480 429 3573 Saepius
453 3479 486 3548 in
513 3478 599 3551 libro
626 3497 831 3557 memoratur
860 3471 987 3547 Petlius
1017 3499 1118 3556 uno,

351 3579 465 3670 Quam
490 3577 570 3652 levis
593 3578 719 3651 intuta
746 3571 879 3649 Marsus
904 3573 1129 3646 Amazonide.

1078 4100 1257 4189 AULI
