2859 4709
213 437 287 530 mg
566 393 923 502 senonrss

214 555 249 624 in
275 551 403 626 Ambra
428 550 531 637 dicit,
564 555 726 626 Proteum
756 578 821 626 non
852 549 947 622 dubio
976 551 1071 625 vultu
1103 543 1221 642 rififftr

212 674 276 743 per
302 646 511 743 hyperbolen
535 651 707 742 loquitur,
736 651 791 721 stc.

263 748 316 821 Tu
340 771 462 841 quoque
484 772 547 819 uon
570 749 668 818 dubio
683 747 831 839 frontem
853 747 966 818 laxare
980 747 1131 836 severam

263 845 409 917 Tandem
434 846 527 932 ausus
552 844 616 932 risu
644 847 778 917 Protea.
976 860 980 866 '

226 996 231 1002 ·
262 943 306 1028 ll.
322 961 403 1034 231.
431 941 563 1032 Quidve
590 942 701 1035 loquar
725 964 783 1024 te,
815 938 968 1029 Glauce.)
993 936 1165 1009 Pausanias
1188 935 1221 1005 in

214 1039 332 1113 Boeot.
371 1036 452 1120 Eli,
469 1042 544 1119 ait,
565 1038 654 1128 juxta
678 1063 786 1121 mare,
802 1058 840 1109 ut
855 1056 996 1129 vocant,
1023 1034 1148 1111 Glauci
1167 1031 1222 1104 sal·

213 1153 277 1208 tus.
320 1135 519 1208 Piscatorem
546 1133 636 1206 hunc
663 1133 757 1208 fuille
786 1133 986 1227 perhibent:
1019 1133 1056 1208 ὅ(
1087 1129 1223 1201 herbam

213 1250 252 1304 ut
280 1235 449 1312 comedit,
491 1237 592 1303 deum
621 1233 788 1304 marinum
817 1232 976 1303 fabium:
1010 1232 1224 1318 eundemque

213 1329 326 1401 futura
352 1328 542 1401 hominibus
569 1331 774 1403 etiamnum
798 1330 1000 1420 praedicere:
1025 1326 1061 1401 ὅ(
1085 1325 1141 1398 alii
1160 1347 1224 1394 ve-

212 1449 290 1498 rum
318 1422 381 1496 elie
408 1426 628 1506 arbitrantur,
649 1427 690 1502 ’δι
717 1430 775 1522 qui
800 1427 883 1499 mari
910 1425 1093 1517 navigant,
1126 1445 1225 1516 quam

213 1523 358 1614 plurima
385 1527 426 1594 de
452 1523 575 1599 Glauci
602 1526 834 1606 vaticinatione
856 1522 991 1618 fingulis
1015 1522 1108 1592 annis
1131 1543 1225 1590 com-

213 1638 415 1715 memorant.
459 1621 528 1691 Alii
546 1622 640 1693 fuere
660 1622 811 1704 Glauci,
835 1624 877 1692 de
903 1618 1024 1715 quibus
1042 1618 1176 1712 egimus
1193 1616 1226 1707 in
1263 1626 1265 1631 ’

213 1717 414 1791 Emblemart
440 1715 533 1809 cujus
556 1718 694 1796 titulus,
710 1720 866 1793 Gramen.
885 1719 966 1794 ¹vide
991 1713 1226 1786 Philostratum

213 1814 251 1885 in
277 1815 397 1886 Iconib.
441 1814 562 1886 Titulo
593 1817 760 1900 Glaucus,
786 1818 823 1889 dt
850 1814 1016 1888 Ovidium
1042 1814 1108 1884 late
1135 1812 1226 1886 Dio·

217 1913 342 1981 dorum
365 1913 399 1982 in
420 1928 450 2005 5.
477 1912 593 2005 Apoll.
620 1912 733 1983 Rhod.
761 1913 818 1984 lib.
836 1932 869 1984 Ι.

264 2008 462 2103 Plerumque
489 2026 625 2102 parente
656 2009 826 2096 ldmona.)
872 2010 990 2079 Idmon
1029 2006 1101 2095 (ut
1133 2006 1224 2078 aiunt

213 2100 444 2184 Pherecides,
479 2106 515 2179 δι
547 2104 735 2201 Hyginus)
768 2105 855 2177 lilius
887 2103 951 2177 fuit
987 2101 1223 2198 Apollinis&

214 2199 377 2284 Asteria,
398 2200 636 2297 seuCytenes.
675 2204 752 2274 Fuit
771 2225 857 2274 unus
878 2225 921 2273 ex
943 2196 1219 2294 Argonautis,&

155 2319 157 2323 ·
214 2319 307 2369 vates
336 2297 506 2374 eximius,
538 2298 595 2392 qui
627 2298 728 2382 etiam
759 2297 785 2370 st
813 2297 957 2394 augurio
983 2295 1155 2390 ptaescillet
1186 2294 1219 2364 in

213 2391 270 2466 illa
296 2394 508 2484 expeditione
532 2395 762 2479 moriturum,
794 2413 906 2467 tatnen
928 2395 976 2475 ire
1002 2394 1073 2463 non
1098 2390 1223 2465 recusa-

213 2493 273 2562 vit.
318 2490 395 2561 Rex
420 2489 532 2587 Lycus
552 2492 586 2562 in
613 2492 818 2584 Propontide
839 2492 985 2586 benigne
1011 2492 1224 2584 Argonautas

213 2585 357 2679 hospitio
381 2585 545 2678 suscepit3
573 2612 746 2684 quumque
775 2589 850 2659 inde
877 2588 1095 2678 procederent
1126 2613 1224 2659 vena·

214 2701 290 2757 tum
314 2685 543 2779 Argonauta,
565 2688 606 2755 ab
634 2711 715 2777 apro
746 2682 913 2777 percullus
940 2684 1064 2752 Idmon
1092 2684 1224 2756 interiit.

214 2782 351 2872 Aprum
370 2798 482 2854 autem
507 2781 628 2853 occidit
655 2784 732 2856 ldas
752 2783 897 2872 Apharei
924 2779 1032 2860 lilius,
1056 2785 1146 2851 unde
1176 2785 1224 2852 di-

214 2876 288 2949 dius
314 2879 412 2948 ultor.
456 2876 565 2950 Aliter
589 2876 659 2969 hac
684 2883 809 2950 Seneca
834 2880 868 2949 itt
881 2879 1007 2951 Medea
1024 2901 1154 2949 narrare
1174 2878 1225 2951 vi·

214 2973 336 3056 detur,
363 2975 399 3045 in
424 2976 511 3047 calce
534 2973 627 3047 ailus
643 2977 749 3048 tertii.

263 3072 452 3153 ldmoarm,
478 3075 621 3165 quamvis
646 3071 724 3143 bene
739 3070 816 3162 fata
841 3075 961 3169 noffct,

261 3167 415 3240 Condidit
430 3166 565 3262 serpens
591 3166 722 3268 Libycis
747 3171 860 3243 arenis.
899 3181 901 3184 ’
1174 3259 1176 3262 ¹

212 3262 281 3334 Sed
314 3266 407 3336 locus
434 3267 569 3336 Senecae
594 3272 679 3336 male
707 3264 836 3342 habet,
865 3267 1051 3351 curabitur,
1080 3261 1107 3335 fi
1134 3265 1225 3364 legas

212 3376 323 3434 totum
351 3360 414 3434 stc:
441 3361 503 3450 (dt
528 3360 678 3453 serpens,
705 3362 743 3434 stt
770 3363 951 3458 particip.)

259 3461 311 3530 Ite
335 3483 419 3531 nunc
437 3457 564 3550 fortes,
590 3478 738 3550 perarate
762 3481 895 3556 pontum

258 3558 358 3627 Sorte
383 3557 528 3629 timenda
543 3582 556 3623 .·
581 3557 650 3628 ltaec

259 3652 445 3732 Idmoncm,
468 3654 613 3747 quamvis
639 3652 718 3724 benc
734 3650 813 3743 fara
836 3649 958 3748 nollet,

262 3749 437 3821 Condidit:
454 3752 590 3846 serpens
616 3750 677 3821 Lib
700 3754 747 3822 cis
770 3751 877 3822 arenis

194 3895 196 3898 -
260 3846 422 3917 Omnibus
444 3872 552 3918 vorare
572 3844 636 3942 fidi
649 3896 650 3907 .
673 3849 758 3935 alsus
783 3848 840 3917 uni

258 3940 412 4012 Condidit
439 3943 598 4041 Mopsus:
626 3947 793 4039 caruitque
821 3941 947 4029 Thebis

257 4038 797 4132 Imqmmunmmmmm
1103 4137 1184 4215 H·

1147 4161 1225 4238 mm
