2859 4709
394 380 465 454 Da
505 381 656 454 Auru
696 381 949 456 Pnacium·
1082 411 1153 491 119

243 499 335 566 Versu
349 501 505 582 Elegiaco,
524 505 571 582 qui
591 503 696 566 conllat
718 507 900 573 hexametro,
915 508 946 567 ὃ(
961 523 1153 585 pentametro,

207 583 330 657 qumvis
352 586 371 643 ”a
388 584 496 662 gemitu
516 605 619 646 nomen
638 587 757 651 habeat,
777 589 808 646 ἃ
837 589 855 644 a
874 587 1051 661 querimoniis
1070 595 1151 654 ince.

204 662 291 738 perit,
313 660 412 740 postea
433 679 527 726 tamen
550 665 608 725 soti
631 682 774 743 compotes
802 666 948 725 sententias
960 705 970 733 ‚
992 674 1024 726 bt
1052 670 1151 731 triurn-

205 743 271 831 phos
288 740 320 800 irr
339 746 482 805 amoribus
508 745 672 823 complexus
693 748 751 812 etl,
779 765 860 807 autor
877 746 979 807 borum
996 754 1151 815 carminum

206 838 356 900 rgnoratur.

242 903 348 963 Versus
364 905 479 965 Iambus
496 907 532 964 ab
550 906 702 967 Archiloco
722 903 868 967 inventore
886 904 974 965 dictus
992 902 1035 969 ell
1055 906 1153 967 Archi·

204 977 335 1049 locrius,
360 984 399 1043 ad
418 984 527 1047 rabiem
550 1024 559 1054 ,
581 989 614 1046 &
639 985 864 1046 maledicentiam
886 1002 975 1061 aptus.
1008 988 1067 1046 Sed
1086 987 1152 1062 quia

205 1057 249 1119 bic
265 1080 315 1134 pes
336 1080 416 1139 aptus
437 1062 478 1133 ert
497 1067 533 1124 ad
552 1066 672 1125 alternos
693 1063 851 1132 sermones,
877 1062 907 1123 id
927 1062 987 1131 ell,
1012 1067 1048 1124 ad
1065 1066 1152 1126 inter·

205 1141 423 1216 rogandum&
438 1144 683 1221 respondendum,
702 1147 733 1206 &
752 1145 932 1205 nihilominus
947 1145 1152 1220 aliquantulum

205 1219 304 1279 attollit
331 1221 435 1302 stylum
459 1227 536 1298 supra
566 1224 712 1304 vulgarem
740 1225 920 1290 sermonem,
949 1226 1095 1285 comoediae
1116 1228 1151 1287 &

204 1300 343 1376 ttagoediae
364 1303 437 1363 bunc
457 1305 560 1379 pedem
578 1304 627 1364 libi
648 1304 877 1364 vendicaverunt.
908 1303 980 1363 Inde
1000 1304 1077 1366 enim
1095 1325 1150 1364 co-

176 1385 181 1391 '
204 1379 308 1468 ruoerlia
328 1381 462 1443 dividitur
479 1382 508 1440 in
522 1384 690 1462 actumque
707 1387 787 1445 rebus
800 1379 912 1464 agendis
931 1401 978 1461 pes
998 1382 1045 1444 lric
1062 1385 1149 1446 valde

205 1459 316 1520 srdetur
334 1465 543 1522 accommodus.

204 1612 212 1627 .
242 1539 408 1600 Carminum
427 1540 579 1621 lyricorum
594 1541 804 1608 inventorem,
833 1538 919 1602 aliurn
948 1544 1032 1619 quim
1054 1542 1150 1604 Mesae

203 1619 296 1690 rpsas,
313 1617 429 1682 invento
447 1623 595 1682 neminem.
640 1624 765 1700 Hymni,
786 1624 818 1682 &
838 1623 932 1681 laudes
953 1628 1095 1688 Deorum,
1115 1626 1149 1682 δε

207 1697 340 1756 Heroum
357 1698 386 1757 in
406 1701 458 1768 lroc
476 1722 580 1781 genere
602 1701 689 1778 scripti
713 1701 780 1759 sunt.
810 1699 941 1761 Vitlores
964 1701 993 1759 in
1015 1699 1149 1778 olympiie

211 1774 244 1835 &
258 1776 363 1836 ceteris
372 1778 438 1840 ludis
448 1782 503 1842 hoc
520 1781 643 1841 carmine
660 1779 878 1840 celebrabantur.
898 1780 1089 1840 Cantlunculae
1103 1785 1147 1853 ju-

208 1873 314 1914 venum
335 1858 501 1928 amantium,
519 1863 550 1922 &
572 1859 693 1939 ipsorum
714 1858 846 1920 convivia
865 1860 919 1918 boc
936 1858 1059 1920 carmine
1079 1879 1144 1920 mo-

205 1934 296 1996 dulari
316 1938 417 2014 poteris
445 1940 582 2018 eptillime.
621 1943 679 2001 Sed
705 1956 855 2014 antequam
875 1931 913 1996 ad
940 1937 996 1997 alia
1019 1939 1145 2005 transeo,

204 2015 336 2090 quoniam
361 2021 399 2079 ad
418 2020 617 2081 comoediarum
641 2021 672 2080 ὅ(
697 2018 896 2097 tragoediarum
915 2036 1033 2087 examen
1054 2013 1145 2077 nostra

188 2097 333 2172 ‘properat
353 2099 511 2165 oratio,de
532 2099 613 2160 versu
633 2099 779 2163 iambico,
793 2100 825 2157 ὅ(
848 2098 885 2155 de
904 2095 1072 2175 negligentia
1087 2099 1146 2156 La-

204 2174 323 2235 tinorum
341 2179 487 2252 poetarum
508 2179 581 2239 circa
601 2179 659 2252 eius
674 2175 905 2252 compofirionem
917 2176 1038 2238 <licenda
1055 2177 1126 2236 sunt.

241 2256 360 2336 Syllaba
378 2256 485 2337 longa,
507 2258 527 2319 ti
547 2259 640 2318 brevis
657 2259 812 2334 precedat,
833 2256 958 2318 iambum
978 2261 1080 2333 pedem
1102 2256 1147 2319 ese

205 2329 268 2396 ficit.
305 2339 364 2397 Sex
382 2336 476 2413 itaque
494 2338 577 2415 pedes
602 2334 715 2397 iambici
739 2334 1015 2416 senarium-carmen
1041 2334 1146 2396 consti-¹

206 2428 301 2480 tuunt,
329 2436 399 2493 quos
425 2421 509 2493 pedes
537 2416 695 2494 (quoniam
716 2417 851 2477 velociter
876 2414 1016 2495 currunt)
1047 2415 1076 2475 lit
1105 2419 1147 2488 'pus

207 2494 299 2555 vocari
319 2495 475 2556 trimetros:
489 2495 634 2573 'quoniam
656 2495 702 2554 sert
722 2495 763 2554 illi
786 2495 870 2570 pedes
894 2513 947 2554 tres
968 2493 1149 2572 percuffiones

206 2570 315 2633 babent.
348 2578 388 2634 Ut
413 2577 473 2633 Suis
494 2576 530 2637 θ’
550 2578 575 2653 ip
608 2575 639 2650 su
660 2580 761 2642 Roma,
780 2577 812 2630 vi
855 2574 928 2630 ribus
948 2577 1010 2631 rrrit.

243 2655 327 2730 Apud
345 2656 450 2728 priscos
468 2659 603 2734 Tragicos
617 2654 644 2712 lri
655 2675 760 2714 omnes
781 2655 866 2729 pedes
886 2656 903 2711 a
924 2653 1014 2725 primo
1033 2653 1068 2711 ad
1084 2649 1152 2710 ulrii

208 2751 284 2790 mum
307 2751 384 2794 crant
401 2734 513 2795 iambici
532 2735 611 2806 puri:
627 2734 674 2794 sed
693 2731 789 2810 postea
810 2734 886 2808 (nec
903 2730 940 2788 ita
959 2732 1066 2805 pridem
1086 2729 1150 2806 est)

206 2810 358 2874 iambicum
375 2832 489 2874 carmen
511 2816 654 2890 spondaeos
676 2811 783 2874 admisit
802 2812 907 2886 pedes,
925 2828 955 2868 ιιι
973 2811 1098 2882 tardius,
1116 2814 1151 2871 &

209 2893 319 2970 gravius
337 2892 490 2955 audiantur.
515 2893 558 2953 lta
577 2909 670 2952 tamen
691 2891 799 2952 admisit
817 2890 973 2968 spondeos,
997 2908 1026 2948 ut
1047 2893 1084 2950 de
1105 2891 1150 2950 se-
1197 2923 1205 2939 e

207 2973 320 3040 cundo,
337 2989 383 3033 aut
408 2990 504 3050 quarto
521 2973 589 3033 loco
608 2992 663 3029 non
682 2971 810 3031 cederet:
833 2990 898 3028 nam
917 2970 1044 3029 detexta
1063 2973 1152 3030 domo

207 3050 278 3110 nihil
293 3052 407 3113 dubium
424 3053 464 3114 etl
474 3091 485 3121 ,
503 3072 559 3113 non
577 3052 654 3112 enirn
672 3049 737 3111 ellet
753 3050 860 3108 iambus
882 3050 902 3106 sr
919 3048 948 3106 in
969 3053 1043 3111 sexta
1065 3049 1152 3110 alium

206 3133 312 3208 pedem
329 3131 472 3195 admifillet
490 3131 520 3191 in
540 3131 709 3193 societatem.
731 3132 799 3189 Haec
818 3130 855 3190 de
872 3128 988 3188 iambo:
1002 3131 1048 3203 qui
1062 3150 1109 3202 pes
1122 3131 1152 3202 ln

205 3211 349 3288 tragoediis
368 3212 453 3280 Arrii,
473 3210 587 3278 Naevii,
608 3213 641 3271 ὅ(
662 3209 747 3270 Ennii
765 3226 839 3268 rarus
858 3224 988 3285 apparet,
1006 3210 1037 3267 8(
1056 3225 1153 3268 tamen

205 3288 352 3352 laudantur
375 3291 430 3352 illae
454 3291 618 3372 tragoedia:
638 3288 706 3349 mihi
733 3298 828 3348 tamen
853 3294 1033 3349 vehementer
1053 3287 1151 3364 displi-
1245 3304 1249 3311 ·

206 3387 289 3438 cent,
305 3369 370 3446 quia
389 3370 436 3430 ille
449 3387 555 3431 tantum
573 3389 637 3429 cum
653 3387 757 3446 magno
776 3371 901 3429 boatu&
912 3369 1037 3445 pondere
1056 3367 1150 3426 versus

205 3448 268 3509 illos
286 3451 317 3507 in
341 3452 477 3510 theatrum
499 3449 554 3510 line
569 3448 626 3509 ulla
645 3468 710 3509 eura
731 3446 895 3520 compositos
906 3449 953 3511 ,δι
967 3465 1032 3506 cum
1049 3463 1152 3523 magna

205 3528 383 3591 festinatione
404 3547 531 3591 exaratos
554 3528 662 3593 mittit,
687 3530 720 3588 ὅ(
741 3526 828 3588 veluti
854 3523 985 3603 proiicit:
1013 3540 1094 3598 atque
1115 3526 1154 3583 ita

206 3608 396 3686 compositor,
422 3627 452 3669 ut
476 3608 545 3668 mihi
566 3606 925 3685 suspicionemingeneret
954 3602 1035 3662 illum
1066 3617 1154 3661 artem

207 3687 399 3762 componendi
418 3685 579 3768 ignorasse,
604 3688 682 3763 quod
703 3685 760 3745 line
781 3686 852 3762 turpi
874 3681 989 3743 crimine
1011 3678 1071 3739 lieri
1097 3701 1156 3740 non

207 3769 389 3839 admittimus.
428 3767 473 3827 llli
492 3784 585 3830 tamen
603 3766 682 3826 aliter
702 3765 731 3826 se
751 3782 879 3827 tuentur:
899 3763 968 3821 Non
996 3759 1158 3838 ignoramus

207 3847 384 3928 (inquiunt)
406 3864 512 3917 artem,
534 3846 583 3907 ted
596 3863 775 3922 properamus
789 3847 842 3912 ,δι
858 3840 1031 3920 negligenter
1047 3848 1158 3900 comne-

207 3928 283 3993 dias,
304 3930 338 3989 &
358 3926 483 3989 carmina
503 3925 715 4002 componimus,
740 3925 773 3983 &
788 3924 817 3981 in
838 3923 893 3980 hoc
913 3935 1038 3986 tantum,
1061 3935 1090 3977 ur
1116 3923 1159 4005 le·

207 4008 267 4072 mel
288 4009 439 4073 recitentur
466 4006 495 4069 in
515 4006 643 4076 theatro,
669 4022 726 4084 quo
746 4002 775 4060 in
798 4002 865 4064 loco
885 3996 998 4061 difficile
1029 3996 1067 4060 elt
1090 3999 1161 4073 juer-

611 4152 615 4159 .
723 4080 791 4150 r14
931 4147 934 4152 ,
1081 4094 1161 4140 care,
