2859 4709
402 430 986 507 Abuornrtonss
1125 439 1192 532 1&

185 579 292 652 quam
318 555 352 626 in
373 553 499 629 summa
522 584 633 630 rerum
658 561 810 628 omnium
832 554 1062 651 tranquillitate
1085 557 1194 628 nasci-

186 674 316 726 turum.
357 646 423 724 Sed
440 654 593 725 divinitus
610 654 736 726 fadium
755 655 978 729 crediderim,
998 650 1104 721 filium
1123 657 1196 726 Au·

190 749 278 844 gulli
297 773 366 819 non
380 750 504 823 vixiffe.
539 742 648 823 Tanta
673 753 762 821 eninr
774 748 851 821 effer
871 747 1007 842 Virgilii
1026 751 1198 833 autoritas,

190 866 277 916 tanta
310 842 461 916 Sibullioi
486 849 639 920 carminis
670 850 756 918 male
784 847 939 916 intelledti
961 843 1133 937 majestas,
1157 850 1218 917 utx

192 967 274 1034 puer
300 939 343 1011 lic
370 962 464 1015 natus
493 967 554 1033 pro
584 948 664 1016 Deo
689 945 861 1014 coleretur.

241 1039 366 1110 Ultima
384 1042 515 1112 Cumaei.
556 1041 661 1116 Vives
687 1060 777 1132 putat
793 1058 924 1128 tempus
940 1035 1050 1110 natalis
1073 1033 1195 1125 Christi

195 1131 390 1227 descriptum
413 1135 431 1206 b
455 1135 578 1208 Sibulla
598 1137 691 1208 fuille
714 1161 773 1226 per
800 1139 921 1226 primas
945 1135 1051 1205 literas
1076 1133 1197 1201 carmi·
1273 1168 1275 1176 ·

198 1251 300 1308 num,
322 1255 396 1323 quae
423 1252 583 1305 vocantur
611 1232 850 1305 acrostichides.
893 1229 977 1301 Non
998 1232 1122 1324 legerat
1141 1230 1196 1299 ille

149 1324 152 1335 ’
200 1322 294 1398 libros
310 1325 499 1408 sibullinos,
512 1329 569 1422 qui
585 1330 832 1422 posted‘Graece
855 1326 925 1398 sunt
943 1326 1064 1401 excuti.
1091 1325 1194 1395 Tem·

149 1460 152 1511 l
201 1445 252 1511 pus
282 1422 523 1517 igiturverbis
553 1428 654 1517 planis
685 1425 838 1496 describit
865 1421 988 1497 Sibulla
1016 1423 1071 1494 lid.
1091 1443 1126 1497 2.
1158 1423 1194 1491 in
1237 1502 1240 1506 ⁴

149 1524 153 1617 ᾖ
175 1589 178 1596 ,
203 1519 291 1590 calce.
319 1520 434 1594 Verba
451 1521 548 1592 latine
564 1523 755 1614 proferam,
769 1546 810 1592 ne
829 1522 958 1598 Graecis
974 1518 1169 1610 obstrepam.

213 1651 309 1722 fuer
331 1646 488 1744 postquam
512 1654 618 1723 Roma
639 1657 819 1751 AEgyptum
843 1677 932 1750 reget
954 1656 1146 1758 imperioque

244 1747 420 1815 Frenubit:
431 1748 547 1835 summi
574 1771 650 1819 tnnc
670 1749 789 1832 summi
809 1754 950 1842 porentia
971 1756 1062 1848 regni

243 1841 346 1936 Regis
370 1843 535 1915 inextinlli
557 1846 745 1915 mortalibus
774 1850 949 1918 exorietur.

242 1939 319 2006 Rex
339 1941 453 2010 etenim
465 1939 597 2026 seritius
621 1943 753 2020 veniet,
778 1943 832 2038 qui
858 1944 953 2012 torius
976 1945 1062 2015 orbis

243 2034 362 2105 Omnia
376 2033 547 2121 saeclorum
570 2058 626 2132 per
649 2056 789 2132 tempora
801 2038 932 2132 sceptra
955 2041 1095 2122 tenebit,

243 2129 397 2225 Tuncque
421 2133 702 2212 Latinorum-non
729 2133 911 2205 clullabilis
934 2137 985 2206 ira

243 2224 325 2299 Tres
351 2230 489 2299 Romam
512 2225 592 2323 tristi
606 2227 755 2319 fatorum
771 2227 911 2324 flamine
926 2235 1077 2327 perdent.

241 2351 392 2444 Magnus
407 2349 446 2419 nd
460 2350 592 2445 integro.
621 2352 678 2421 De
694 2374 778 2422 anno
794 2353 961 2446 magno&
973 2359 1014 2426 de
1030 2337 1194 2426 menlibus

149 2498 152 2507 .
203 2447 350 2551 magnis,
374 2445 442 2516 dixi
461 2446 493 2516 in
518 2449 671 2542 Sphaera,
694 2473 737 2519 ex
764 2447 951 2533 Cicerone,
966 2452 1194 2523 macrobio&
1261 2557 1269 2563 ἣ

202 2537 461 2717 afliilJOttgttiiretlit
486 2638 527 2715 ἐν
552 2641 668 2735 Virgo.
707 2642 809 2732 Quid
833 2641 887 2712 hic
916 2637 1043 2710 senserit
1068 2639 1194 2734 Virgi-

199 2727 277 2815 lius,
304 2731 370 2823 iple
395 2735 536 2848 indicat,
555 2757 587 2814 2.
614 2742 731 2832 Georg.
1016 2850 1025 2858 ι

523 2855 676 2923 Extrema
699 2875 759 2951 per
788 2855 863 2953 illos
966 2865 968 2867 ’
1074 2912 1077 2921 .

241 2937 370 3033 Iustitia
394 2950 550 3019 excedens
576 2950 675 3019 terris
700 2948 835 3046 vestigia
854 2947 946 3040 ferit.
989 2949 1031 3018 Et
1056 2945 1160 3018 Ovid.

244 3040 366 3110 Ultima
392 3041 537 3137 culestum
560 3064 660 3115 terras
683 3045 816 3138 Astraea
841 3045 979 3138 reliquit.

195 3151 424 3227 Nihilominus
455 3175 565 3229 tamen
591 3159 695 3251 (quia
720 3161 904 3255 Virgilius,
940 3155 1097 3230 Sibullam
1127 3179 1195 3224 non
1255 3165 1259 3170 ’

193 3249 405 3344 intelligens,
431 3253 496 3324 alio
522 3255 714 3350 referebat)
740 3257 915 3328 doeiiffimi
947 3257 1008 3323 viri
1039 3254 1081 3320 de
1111 3250 1196 3322 Vir·

194 3348 272 3438 gine
296 3366 401 3418 matre
432 3347 503 3420 haec
535 3353 801 3444 interpretantur.
853 3351 1011 3424 Eusebius
1044 3348 1094 3417 de
1122 3348 1195 3416 uita
1262 3425 1264 3431 ¹

195 3439 389 3535 Cotfianrini
419 3446 501 3534 (ubi
530 3445 614 3517 hanc
642 3446 806 3542 Eclogam
839 3453 961 3525 Graece
995 3438 1120 3530 vestu)
1150 3440 1195 3511 stc

196 3538 255 3610 ait:
283 3542 449 3630 Quaenam
473 3542 573 3636 igitur
592 3543 661 3613 haec
678 3544 878 3638 estvirg0,
899 3570 973 3636 quae
992 3534 1110 3610 rediit?
1138 3539 1195 3607 An

197 3656 260 3702 aon
282 3659 339 3717 ea,
351 3635 534 3735 quaeplena
548 3639 584 3713 δι
601 3640 681 3710 foeta
699 3641 783 3712 fadla
800 3630 900 3712 elide
920 3637 1044 3732 Spiritu
1063 3631 1194 3741 landini
1271 3695 1281 3708 ,

195 3729 237 3798 Et
264 3733 341 3823 quid
363 3733 500 3822 impedit
520 3736 698 3827 quominus
715 3737 824 3828 puella
842 3735 914 3809 haec
933 3739 973 3808 de
997 3729 1112 3803 divino
1132 3726 1198 3819 spi<

195 3827 257 3900 ritu
278 3827 413 3922 gravida
437 3827 566 3922 semper
590 3831 659 3916 stt,
683 3831 720 3907 ὅ(
748 3851 875 3904 maneat
904 3827 1027 3926 virgo?
1068 3824 1196 3896 Redire

194 3939 311 3995 autem.
326 3927 439 3997 denuo
466 3946 541 4018 apte
561 3927 705 4010 dicetur,
725 3953 799 4022 quae
826 3928 1054 4007 tenemento
1077 3923 1198 4006 orbern.

192 4018 364 4099 relevabit.
414 4021 467 4098 Sic
495 4027 631 4100 Sannaz.
659 4027 757 4121 lib3.
781 4023 820 4101 dc
834 4024 944 4126 part.¹
1075 4116 1146 4195 w,

1119 4135 1197 4191 tima
