2859 4709
258 454 331 532 290
525 439 558 509 A
585 457 656 510 ou
683 456 699 508 1
750 439 879 509 Pon
902 459 918 508 s
942 439 998 506 11'

259 560 390 642 Vicini,
415 557 518 658 noslro
543 565 619 656 quia
643 563 820 657 pinguior,
842 557 899 654 etsi
914 558 1001 659 ‚adeo
1027 570 1139 630 ornnes'

259 655 430 744 Dit'tscaut
456 659 518 729 orti
544 659 729 751 peioribus,
756 657 851 752 usque
872 656 1009 743 recusem

260 756 391 825 Curvus
415 753 453 824 ob
479 754 512 825 id
538 755 637 824 minui
659 755 778 841 senio,
804 775 860 823 aut
884 776 1002 824 conare
1021 747 1092 844 fine
1119 743 1236 828 nulius

260 852 304 920 Er
322 847 452 944 sgnum
475 853 509 920 in
529 848 648 944 vopida
667 854 739 937 naso
763 846 893 944 tetigisse
916 851 1054 942 lagaenu.

261 946 431 1041 Discrepet
458 948 509 1018 hic
536 943 643 1017 alius?
669 948 814 1044 geminos
838 947 1008 1039 horoscope
1031 970 1112 1018 varo
1208 952 1215 961 '

263 1041 426 1115 Producit
447 1046 555 1138 genio.
573 1041 658 1130 solis
682 1043 842 1114 natalibus
862 1039 906 1135 est
927 1044 982 1136 qui

264 1139 389 1230 Tingat
416 1140 488 1210 olus
504 1138 622 1232 secum
645 1141 746 1209 muria
770 1136 862 1228 miser
887 1141 920 1208 in
944 1139 1043 1210 culice
1069 1150 1197 1232 empta,

265 1229 482 1327 Ipse'sacrum
504 1239 648 1306 irrorans
669 1237 790 1330 patinae
812 1234 928 1329 piper,
954 1236 1006 1306 hic
1028 1235 1110 1305 hona
1135 1237 1229 1305 dente

266 1332 414 1403 Grandia
436 1333 657 1426 magnanimus
681 1334 819 1428 peragit
834 1352 930 1425 puer:
961 1353 1036 1402 utar
1066 1331 1150 1426 ego,
1173 1350 1259 1403 utute

265 1430 340 1500 Nec
364 1426 509 1499 rhombos
531 1431 602 1497 ideo
628 1428 755 1497 libertis
778 1448 892 1525 ponere
919 1428 1050 1502 lautus,
1078 1426 1080 1432 ’

218 1572 222 1585 .
265 1526 340 1594 Nec
365 1541 488 1593 tenuem
503 1524 621 1612 sollers
648 1529 814 1595 turdorum
839 1522 917 1616 nosse
932 1523 1082 1608 salivam.

265 1615 373 1690 Messe
400 1631 496 1691 tetius
521 1623 650 1711 propria
678 1624 776 1700 vive,
801 1619 836 1694 ὅ(
862 1621 1008 1714 granaria
1034 1619 1081 1688 fas
1105 1612 1172 1694 est,

267 1715 396 1786 Emole:
411 1716 488 1809 quid
503 1718 643 1789 metuis?
662 1741 759 1796 occa,
779 1717 820 1791 (ἲ
832 1718 926 1812 seges
940 1717 1044 1787 alteru
1059 1717 1093 1786 in
1106 1711 1204 1783 herba
1216 1704 1258 1802 es.

268 1806 328 1898 Asi
352 1821 445 1882 vocat*
461 1812 607 1907 *officium
626 1813 716 1882 trahe
741 1816 863 1907 rupta,
889 1812 1005 1884 Brutia
1020 1810 1106 1898 saxa

268 1908 406 1980 Prendit
429 1912 547 1980 amicus
571 1911 689 2004 inops,¹
712 1934 836 2002 remque
856 1933 1002 1989 omnem,
1011 1909 1178 2002 surdaque
1194 1921 1258 1976 vott
1294 1920 1295 1927 ’

242 2010 245 2015 ’
270 2002 421 2077 Condidit
446 2000 558 2084 Ionio,
574 2007 664 2099 jacet
687 2003 808 2099 ipsein
831 2001 1023 2083 littores&
1048 2029 1115 2074 una

269 2103 424 2194 lugentes
450 2106 490 2172 cle
513 2123 617 2198 puppe
640 2104 726 2177 Dei,
746 2103 877 2196 sausque
900 2100 997 2172 obvia
1018 2101 1141 2194 mergis

270 2192 364 2287 Costa
390 2200 472 2267 ratis
499 2200 633 2275 lacera,
656 2220 740 2267 nunc
765 2197 806 2272 (φ
835 2200 873 2271 de
894 2197 1007 2291 cespite
1031 2197 1110 2269 nivo
1211 2265 1214 2276 ,

272 2294 401 2384 Frange
423 2295 566 2386 aliquid,
590 2295 710 2387 largire
733 2294 840 2387 inopi,
862 2320 902 2364 ne
922 2296 1026 2389 pillos
1045 2294 1167 2364 oberret

161 2396 164 2401 '
273 2388 415 2457 Curulea
440 2391 473 2458 in
494 2390 624 2461 t'ahulu:
637 2390 698 2475 scd
724 2416 837 2461 curtam
857 2389 987 2479 funeris
1010 2386 1114 2459 hcet&

272 2485 431 2578 Negliget
459 2486 582 2566 iratus,
608 2486 689 2583 quod
717 2510 781 2557 rem
808 2488 1011 2562 curtaveris,
1034 2511 1126 2556 urnae

275 2579 348 2671 ossa
373 2583 507 2652 inodora
529 2581 616 2653 dabit
629 2584 644 2661 ζ
654 2586 713 2667 seu
726 2582 854 2678 spirent
879 2586 1024 2653 cinnama
1035 2581 1195 2668 surdum,

274 2681 341 2749 Seu
362 2677 468 2763 ceraso
492 2699 621 2771 peccent
648 2678 746 2770 saffiro
767 2681 886 2766 nescire
910 2698 1056 2774 paratus.

274 2767 368 2843 Tune
388 2772 470 2842 lona
492 2776 659 2846 incolumis
683 2778 832 2850 minuas?
848 2776 913 2863 sed
935 2772 1060 2868 Bestius
1088 2797 1183 2871 urget

275 2866 432 2940 Doctores
458 2874 595 2942 Graios:
621 2877 668 2941 ita
687 2871 754 2959 sit,
775 2872 939 2968 poslquam
958 2874 1073 2966 shpere
1099 2873 1172 2945 urhi

262 2965 357 3047 :Cum
364 2965 499 3056 pipere,
513 2967 552 3038 (7
565 2969 681 3062 palmis
697 2972 784 3040 venit
798 2969 932 3064 nostrum
943 2970 1002 3039 hoe
1016 2972 1116 3042 maris
1128 2989 1257 3065 experts

266 3059 437 3144 'Funisecae
460 3060 557 3156 crasso
576 3065 733 3135 vitiarunt
759 3071 900 3161 unguine
918 3067 1037 3158 pultes.
1147 3072 1149 3077 ’

277 3160 367 3241 Hac,
385 3157 488 3227 cinere
509 3161 643 3228 ulterior
663 3164 806 3250 metuas?
830 3186 864 3232 at
887 3183 943 3237 tu,
970 3163 1057 3233 meus
1080 3163 1186 3235 haeres

277 3249 435 3344 Quisquis
459 3255 541 3337 eris',
565 3257 694 3347 paulurn
718 3254 739 3325 h
763 3258 859 3330 turha
873 3258 1038 3344 seduilior
1066 3260 1174 3332 audi.-

279 3351 313 3420 O
338 3346 436 3429 bone,
459 3376 533 3420 num
554 3348 707 3445 ignoras?¹
733 3350 883 3449 missaesl
907 3354 927 3424 d
952 3354 1078 3440 Caesare
1100 3359 1213 3429 laurus

278 3439 437 3538 Infignem
461 3446 500 3515 ob
527 3449 646 3518 cladem
670 3454 838 3522 Germanae
858 3452 976 3546 pulit,
1001 3449 1042 3525 tu
1071 3455 1139 3524 aris

278 3540 433 3634 Frigidus
455 3545 616 3614 excutitur
640 3547 740 3627 cinis,
763 3575 802 3619 ac
811 3551 883 3644 jam
899 3543 1038 3642 pusiilus
1063 3573 1158 3621 arma

279 3643 354 3716 Jom
379 3641 565 3738 chlamydas
587 3657 722 3736 regum,
740 3648 810 3739 jam
830 3647 920 3716 lutea
943 3646 1090 3741 gausapa
1113 3647 1238 3740 captis,

279 3734 479 3832 Essedaque‚
505 3740 709 3836 ingentesque
735 3745 820 3811 locat
846 3740 992 3827 Caesonia
1015 3739 1158 3834 Rheitos.

279 3831 357 3903 Diis
379 3839 494 3928 igitur,
513 3838 671 3929 genioque
693 3835 785 3909 ducis
812 3861 935 3911 centum
957 3841 1072 3931 paria,
1101 3839 1140 3909 oh
1164 3863 1216 3912 res

278 3927 421 4024 Egregii
444 3927 565 4026 gestas,
592 3934 728 4004 induco:
758 3935 828 4028 quis
858 3934 968 4005 vetat?
995 3941 1091 4008 aude.

278 4025 364 4103 Vae,
386 4025 442 4121 nist
456 4029 635 4102 connives:
663 4029 791 4113 oleum,
817 4028 1039 4128 artocreasque
1057 4033 1230 4203 popelloL

506 4143 509 4149 ’
1231 4147 1279 4204 al:
