2859 4709
433 434 499 494 tu
548 422 925 495 Nu¹1⁴1t1criu¹
1107 438 1179 517 425

187 502 317 632 tuimfi
344 541 415 635 quis
443 546 608 639 attingat,
633 546 752 636 Pomp.
786 545 879 615 Mela
906 542 962 613 lib.
977 561 1010 629 ζ.
1036 562 1106 637 cap.
1122 567 1179 618 10.

187 638 266 712 Sttnt
301 641 412 730 quibas
445 662 518 712 ante
552 641 722 711 :adventum
754 641 911 720 Eudoxi,
945 642 1025 709 adeo
1052 643 1179 736 ignotus

187 734 271 827 ignis
282 730 376 821 fuit,
398 734 537 830 adeoque
556 736 628 823 usus
650 742 764 808 mirum
782 741 815 807 in
836 735 960 807 modum
982 737 1122 829 placuit,
1145 759 1181 809 ttt

187 830 331 921 amplellt'
363 835 457 901 etiam
478 835 664 928 flammas,
695 832 736 907 (J
764 835 911 904 ardentia
936 827 1010 923 fittu
1042 833 1182 916 abdere,

187 925 286 995 donec
314 948 472 1008 noceret,
506 923 641 998 maximi
675 930 812 1000 libuerit.
857 928 963 1000 Aiunt
1002 948 1115 998 autem
1147 929 1183 997 in

187 1020 278 1091 Delo
303 1025 448 1112 primum
470 1021 563 1094 futile
587 1025 700 1119 ignem
721 1027 915 1098 inventum:
943 1048 1041 1118 quare
1055 1026 1184 1106 Delos,

187 1140 261 1209 quae
282 1121 384 1190 multa
406 1121 539 1192 nomina
561 1116 708 1193 sortitur:
729 1121 827 1193 etiam
844 1121 976 1216 Pytpile
996 1116 1082 1192 dieta
1099 1121 1184 1202 fuit,

187 1215 263 1307 quia
285 1213 626 1310 ibiignisinventus.
664 1218 796 1289 Plinius.
868 1213 872 1223 ’
1112 1241 1115 1252 ’

234 1310 366 1394 inob-
393 1317 481 1385 Mox
508 1338 628 1410 quoque
655 1316 851 1404 Phocaico.)
881 1312 1021 1385 Themis
1052 1310 1184 1384 fatidica
1236 1316 1238 1320 ’

187 1402 244 1495 (ut
260 1410 441 1500 diximus)
465 1408 573 1480 sedem
602 1409 714 1481 habuis
742 1415 773 1489 in
801 1410 971 1493 Parnaso,
996 1412 1052 1505 qui
1078 1406 1124 1478 est
1149 1406 1184 1477 in

187 1490 355 1574 Phocide:
380 1506 440 1579 ubi
456 1508 554 1578 etiam
577 1507 649 1578 sunt
675 1507 821 1599 Delphi:
848 1508 925 1577 dieti
947 1509 1009 1598 (ut
1031 1508 1073 1578 ait
1095 1506 1185 1577 Stra-

188 1595 234 1669 bo
258 1600 313 1670 lib.
327 1606 386 1697 9.)
408 1604 583 1674 umbilicus
610 1605 743 1676 mundi:
768 1620 942 1695 propterea
964 1608 1054 1696 quod
1079 1602 1185 1691 Jupi-

190 1708 238 1765 ter
266 1699 366 1768 totius
390 1698 530 1771 universi
556 1700 703 1770 medium
728 1696 858 1771 emetiri
890 1699 1005 1770 volens
1026 1745 1037 1780 ‚
1062 1699 1184 1790 aquilas

191 1791 355 1864 eeleritate
382 1818 471 1885 pares
494 1799 534 1866 ab
562 1816 660 1876 ortu,
683 1796 719 1869 &
745 1797 785 1866 ab
809 1793 926 1866 occasu
948 1794 1086 1864 dimisit:
1111 1817 1185 1881 quae

192 1889 423 1980 pervolitantes
452 1895 491 1964 ad
526 1894 714 1990 Pythonem
745 1893 864 1965 urbem
892 1915 997 1982 prope
1032 1889 1187 1980 Delphos

193 1987 323 2055 tandem
343 2009 584 2061 concurrerunt.
601 1991 738 2081 ltaque
761 2014 803 2059 ex
825 1988 881 2056 illo
906 1988 1086 2079 aquilarum
1106 2010 1186 2056 con·

193 2080 285 2151 eursu
321 2081 442 2154 ibidem
480 2088 582 2158 totius
620 2086 708 2156 orbis
740 2085 889 2157 medium
923 2084 986 2154 elle
1026 2082 1187 2153 definivit.

193 2176 306 2251 Postea
332 2204 414 2253 vero
433 2181 677 2272 in'hujusmodi
699 2183 748 2252 rei
769 2180 967 2252 memoriam
993 2181 1071 2251 duas
1095 2179 1186 2272 aqui-

193 2273 236 2344 las
259 2301 368 2348 aureas
396 2280 590 2350 constituens
605 2279 772 2369 Apollinis
795 2277 973 2367 intemplo
1000 2277 1186 2347 collocavit.

194 2370 346 2461 Quarum
380 2372 509 2471 effigies
538 2375 571 2443 in
594 2374 741 2445 Phocico
771 2373 860 2444 bello
884 2375 1002 2467 (quod
1025 2374 1186 2444 Eumelus

194 2466 325 2558 intulit)
348 2469 478 2542 sublatae
493 2471 574 2543 sunt.
599 2470 685 2540 Haec
702 2496 750 2542 eae
768 2471 896 2542 Pindari
909 2469 1042 2559 scholiis
1058 2471 1139 2542 Ode.
1149 2489 1184 2559 4.

195 2564 292 2658 Pyra.
321 2564 356 2638 ὅ(
383 2569 554 2639 Strabone.
600 2567 816 2640 Meminit&
843 2566 1012 2647 Pausanias
1035 2567 1069 2634 in
1096 2566 1185 2635 Pho·

195 2661 281 2731 sicis.
321 2662 413 2734 Hinc
435 2665 514 2736 illud
534 2665 668 2742 Ovidii,
693 2685 750 2737 10.
775 2668 913 2736 Metam.
1069 2658 1071 2668 ¹

288 2888 328 2954 1η
351 2884 453 2956 medio
471 2789 759 2981 pisisioiiiuaam
783 2879 912 2981 praefide
934 2881 1064 2977 Delphi.
1167 2930 1169 2935 .

198 3007 231 3106 bt
255 3010 402 3106 ejusdem
428 3013 480 3083 lib.
496 3028 551 3114 μς.
579 3050 674 3066 --·
688 3012 892 3102 Mediumque
915 3009 1051 3078 tenentis

243 3110 344 3183 Orbis
366 3111 490 3179 humum
515 3110 662 3205 Delphos
684 3110 801 3181 adeunt
828 3106 973 3179 Oracula
993 3102 1114 3177 'Phaia

199 3227 231 3303 Bt
259 3229 341 3300 illud
369 3228 503 3301 Lucani.
532 3247 561 3323 5.
582 3227 686 3299 Phari
699 3279 708 3296 .

245 3332 398 3447 Hesperii
425 3370 567 3430 tantum,
593 3370 742 3446 quantum
758 3324 901 3437 samalus
927 3345 995 3413 Eoo

246 3449 385 3520 Cardine
409 3444 581 3541 Parnaffits
602 3449 729 3545 gemino
746 3446 832 3540 petit
857 3444 977 3514 aethera
1002 3437 1094 3510 cade.

200 3585 281 3658 ltem
310 3581 412 3652 Ovid.
437 3579 492 3650 lib.
509 3600 541 3652 1.
568 3585 706 3651 Metam.

244 3709 345 3777 Mons
371 3703 425 3776 ubi
448 3703 620 3775 verticibus
637 3702 720 3797 petit
742 3699 862 3772 ardum
882 3692 969 3793 astra
993 3694 1125 3786 duobus.

243 3802 384 3877 Nomine
411 3799 606 3895 Parnaffus:
637 3799 674 3872 δί
701 3795 819 3869 rursus.

227 3895 411 3971 Curidius
436 3898 630 3997 Nymphas,
654 3897 695 3973 (7
720 3896 846 3968 nomina
869 3889 984 3964 montis
1003 3891 1144 3964 adorat:

238 3994 478 4095 fatidicamque
503 3995 662 4076 Taenia,
675 4017 754 4096 ‘quae
777 4012 854 4066 tuns
878 3991 987 4065 oracla
1010 3984 1145 4061 tenebat.
1190 4014 1194 4020 ·

952 4136 954 4141 ·
1089 4111 1195 4192 Clam¹
