2859 4709
370 352 998 462 'Annonnnroues
1138 412 1210 490 1ss

195 513 273 610 pite
287 509 398 589 velato
416 511 526 585 sedem
552 513 660 609 cepit:
676 516 830 611 regiones
843 515 885 587 ab
901 519 1028 587 oriente
1053 519 1094 588 ad
1112 541 1211 593 occa·

199 614 275 687 sum
304 613 537 684 determinavit
568 615 697 685 dextras
725 620 765 684 ad
791 615 968 684 meridiem
1000 632 1128 703 partes,
1152 618 1211 688 lar·

197 708 321 802 vasque
344 710 387 779 ad
406 706 657 801 septemtriones
677 707 740 780 elle
764 709 860 782 dixit.
903 710 1009 782 Hunc
1033 710 1145 782 locum
1166 738 1212 790 ex

197 805 382 880 Plutarcho
411 808 445 875 in
472 804 607 889 Numa,
632 807 668 881 lit
696 832 739 878 err
767 806 933 904 Dionysio
969 804 1138 879 Halicarn.
1166 809 1211 880 stc

198 905 426 996 interpretor:
459 904 538 975 Rex
570 901 704 975 sedebat
730 902 842 975 versus
872 907 914 976 ad
945 905 1122 974 meridiem
1152 932 1212 979 ca·

199 1002 269 1095 pite
296 1001 478 1080 velum&
496 1023 604 1093 augur
623 1002 715 1094 juxta
738 1023 856 1095 regem
881 999 994 1070 sedem
1021 1002 1108 1093 cepit
1131 1027 1213 1074 ver·

199 1094 253 1172 sus
276 1096 312 1167 in
336 1099 525 1177 orientem,
551 1095 588 1170 dt
609 1099 651 1169 ita
672 1100 802 1169 dextras
828 1097 910 1169 dixit
932 1099 1118 1168 meridiem.
1144 1097 1207 1169 dis·

159 1250 164 1261 .
198 1217 317 1288 punge
343 1194 448 1290 igitur
474 1193 529 1264 stc.
552 1219 658 1289 augur
682 1185 727 1268 ed
752 1197 889 1275 levum,
919 1197 990 1288 nus
1013 1199 1120 1292 eapite
1145 1219 1211 1268 ve-

200 1294 294 1368 tero,
310 1289 423 1379 sedem
446 1294 541 1387 cepit.
582 1293 647 1364 Sed
671 1293 704 1362 in
723 1293 915 1386 Virgiliano
939 1293 1016 1364 loco
1041 1291 1211 1384 explican-

201 1390 248 1460 do
272 1387 380 1481 magis
405 1387 513 1479 placet
538 1389 725 1460 Aristotelis
753 1388 906 1460 sententia
928 1392 992 1484 qui.
1005 1411 1039 1463 2·
1055 1392 1125 1462 celi
1145 1412 1211 1470 oz.

199 1486 279 1556 dicit
301 1507 445 1578 augures
465 1487 592 1556 dextras
610 1485 646 1560 ἃ
662 1485 797 1558 srnillras
819 1510 887 1555 non
911 1510 952 1560 ex
971 1502 1083 1560 natura
1108 1487 1210 1571 coeli,

200 1581 257 1652 sed
284 1580 437 1669 respettu
466 1581 513 1654 stri
539 1583 747 1654 constituere.
800 1583 919 1673 Itaque
948 1581 1057 1674 pallor
1089 1583 1143 1654 hic
1168 1586 1212 1655 ad

198 1675 296 1750 suam
325 1680 474 1748 dextram
500 1680 669 1750 cornicem
697 1680 846 1752 audivit:
872 1677 908 1753 δι
933 1681 1009 1768 quia
1033 1680 1066 1750 in
1090 1681 1211 1753 arbore

199 1772 388 1871 glandifera
416 1778 626 1846 crocitantem
652 1775 800 1856 audivit,
821 1775 1025 1869 conjediatus
1050 1775 1121 1854 est,
1142 1801 1211 1850 non

198 1870 270 1945 elle
294 1867 508 1964 suscipiendas
534 1873 606 1944 lites
628 1873 671 1946 de
693 1897 777 1966 agro
794 1896 872 1945 cum
892 1872 1037 1945 clamoso
1057 1874 1171 1945 milite.

488 2064 818 2141 ECLOGA
867 2066 921 2140 X.
970 2117 972 2121 -

251 2255 327 2328 Nee
348 2274 378 2324 te
396 2253 547 2351 peniteat
562 2252 699 2350 peeoris.
742 2250 901 2328 Verbum
919 2253 1048 2349 penitet
1071 2275 1138 2326 non
1159 2249 1211 2325 so·

201 2350 274 2424 lum
305 2349 324 2423 it
355 2350 620 2431 Grammaticis,
645 2350 701 2420 sed
728 2349 828 2420 etiam
861 2349 879 2423 it
915 2351 1019 2423 dottis
1044 2353 1078 2423 in
1107 2355 1212 2425 varias

204 2447 391 2519 distrahitur
424 2446 689 2542 significationes.
739 2446 806 2518 Sed
841 2472 946 2542 quum
979 2449 1012 2519 in
1047 2450 1133 2521 libro
1170 2453 1211 2521 de

203 2541 306 2637 confir
326 2546 449 2640 linguae
463 2546 591 2616 Letinae
607 2545 734 2634 liquido
751 2545 1100 2634 comprobaverimus,
1116 2548 1211 2616 unius

203 2646 297 2714 vocis
314 2645 438 2713 unicam
452 2662 577 2712 rantum
599 2641 655 2731 effe
668 2636 958 2737 fignijicetionem:
974 2641 1008 2708 in
1028 2640 1092 2710 hoc
1109 2644 1212 2714 etiam

203 2739 311 2810 verbo
333 2739 550 2828 explodemus
572 2739 661 2809 illam
674 2782 686 2820 ,
700 2763 801 2830 quam
815 2738 893 2809 huic
911 2736 1041 2819 verb0,
1059 2760 1127 2806 non
1145 2737 1212 2809 line

203 2833 443 2927 discipulorum
468 2833 684 2906 admiratione
716 2833 938 2910 Grammatici
968 2832 1150 2916 inculcant,
1176 2837 1212 2907 id

203 2929 272 3014 eli,
295 2954 412 3021 parum
433 2933 575 3005 videtur.
619 2932 760 3003 Terent.
799 2936 978 3013 Heautont.
1020 2936 1085 3004 Me
1108 2958 1212 3029 qnan-

202 3047 271 3099 runt
290 3030 342 3100 lic
368 3031 473 3123 operis
487 3028 553 3120 fiat
573 3030 711 3124 penitet.
752 3027 819 3100 His
833 3029 869 3103 &
882 3026 952 3101 aliis
980 3029 1125 3102 tenebris
1146 3031 1212 3102 im·

201 3124 367 3216 plicantur
393 3126 637 3210 Grammatici,
660 3123 736 3218 quia
755 3149 868 3207 veras,
894 3121 1074 3216 proprias,¹
1091 3124 1128 3199 &
1152 3150 1213 3221 ge·

200 3225 320 3293 nuinas
343 3220 626 3314 interpretationes
643 3245 790 3303 vocum,
811 3241 867 3293 aut
887 3222 1062 3315 ignorant,
1087 3241 1141 3295 aut
1159 3223 1237 3309 vi„

201 3318 390 3409 lipendunt.
430 3320 522 3389 Nam
545 3316 570 3389 st
595 3344 721 3392 vocum
746 3317 970 3415 etymologias
998 3318 1212 3401 rimarentur,

201 3439 265 3485 nec
287 3415 388 3486 verba
408 3413 637 3507 impersonalia
659 3417 772 3508 pueris
795 3415 1032 3498 obtruderent,
1048 3441 1111 3487 nec
1132 3439 1211 3487 cum

203 3510 370 3606 Calepino
400 3514 504 3587 varias
537 3511 793 3608 significationes
828 3510 1034 3582 somniarent.
1074 3512 1211 3584 Penitet

203 3608 308 3701 igitur
331 3605 473 3681 verbum
496 3611 640 3682 adiivum
663 3607 729 3689 est,
756 3609 876 3682 coaluit
893 3629 937 3677 ex
957 3625 1045 3700 prena
1063 3608 1099 3680 ὅ(
1114 3627 1209 3678 tenet.

203 3708 413 3788 ut,Ptenitet
438 3731 486 3776 mr
513 3708 756 3786 conviviorum,
777 3705 811 3775 id
836 3704 904 3788 est,
926 3724 1017 3797 pene
1039 3705 1091 3773 vel
1108 3705 1211 3798 peni·

203 3804 307 3874 tentia
333 3804 553 3875 conviviorum
579 3826 665 3876 tenet
696 3826 756 3874 me.
791 3803 840 3892 Q·
860 3801 1017 3874 Curtius:
1043 3803 1143 3871 Molo
1160 3823 1210 3873 rne

194 3896 345 3991 ferretne
370 3902 552 3998 peniteat,
585 3927 681 4000 quem
711 3897 858 3980 vitione
883 3894 1040 3994 pudeat:
1072 3898 1108 3970 id
1136 3900 1210 4070 elil,

870 4038 873 4044 ·
1125 4019 1212 4070 utne
