<?xml version="1.0" encoding="UTF-8"?>
<!DOCTYPE html PUBLIC "-//W3C//DTD XHTML 1.0 Transitional//EN"
    "http://www.w3.org/TR/xhtml1/DTD/xhtml1-transitional.dtd">
<html xmlns="http://www.w3.org/1999/xhtml" xml:lang="en" lang="en">
 <head>
  <title>
</title>
<meta http-equiv="Content-Type" content="text/html;charset=utf-8" />
  <meta name='ocr-system' content='tesseract 3.04.00' />
  <meta name='ocr-capabilities' content='ocr_page ocr_carea ocr_par ocr_line ocrx_word'/>
</head>
<body>
  <div class='ocr_page' id='page_1' title='image "./operaomniaunacu00siscgoog/operaomniaunacu00siscgoog_0095.png"; bbox 0 0 2859 4709; ppageno 0'>
   <div class='ocr_carea' id='block_1_1' title="bbox 198 388 1222 2073">
    <p class='ocr_par' dir='ltr' id='par_1_1' title="bbox 544 388 1222 501">
     <span class='ocr_line' id='line_1_1' title="bbox 544 388 1222 501; baseline -0.004 -29"><span class='ocrx_word' id='word_1_1' title='bbox 544 388 872 475; x_wconf 69' lang='lat' dir='ltr'>Poenici:</span> <span class='ocrx_word' id='word_1_2' title='bbox 1171 402 1222 501; x_wconf 82' lang='lat'>87</span> 
     </span>
    </p>

    <p class='ocr_par' dir='ltr' id='par_1_2' title="bbox 210 524 1215 630">
     <span class='ocr_line' id='line_1_2' title="bbox 210 524 1215 630; baseline -0.005 -24"><span class='ocrx_word' id='word_1_3' title='bbox 210 524 247 606; x_wconf 61' lang='lat' dir='ltr'>&#39;dt</span> <span class='ocrx_word' id='word_1_4' title='bbox 263 528 387 630; x_wconf 87' lang='lat' dir='ltr'>Ulyffis</span> <span class='ocrx_word' id='word_1_5' title='bbox 404 528 572 606; x_wconf 85' lang='lat' dir='ltr'>hilloriam</span> <span class='ocrx_word' id='word_1_6' title='bbox 591 529 608 603; x_wconf 78' lang='lat' dir='ltr'>l</span> <span class='ocrx_word' id='word_1_7' title='bbox 630 531 742 606; x_wconf 90' lang='lat' dir='ltr'>multis</span> <span class='ocrx_word' id='word_1_8' title='bbox 760 536 927 606; x_wconf 87' lang='lat' dir='ltr'>decantata</span> <span class='ocrx_word' id='word_1_9' title='bbox 950 534 987 614; x_wconf 76' lang='grc' dir='ltr'>δι</span> <span class='ocrx_word' id='word_1_10' title='bbox 1007 536 1039 608; x_wconf 93' lang='lat' dir='ltr'>in</span> <span class='ocrx_word' id='word_1_11' title='bbox 1058 562 1118 614; x_wconf 90' lang='lat' dir='ltr'>ore</span> <span class='ocrx_word' id='word_1_12' title='bbox 1136 530 1215 615; x_wconf 91' lang='lat' dir='ltr'>om.</span> 
     </span>
    </p>

    <p class='ocr_par' dir='ltr' id='par_1_3' title="bbox 209 626 1217 728">
     <span class='ocr_line' id='line_1_3' title="bbox 209 626 1217 728; baseline 0.013 -31"><span class='ocrx_word' id='word_1_13' title='bbox 209 630 298 700; x_wconf 91' lang='lat' dir='ltr'>nium</span> <span class='ocrx_word' id='word_1_14' title='bbox 314 626 440 721; x_wconf 83' lang='lat' dir='ltr'>polita,</span> <span class='ocrx_word' id='word_1_15' title='bbox 462 632 647 724; x_wconf 84' lang='lat' dir='ltr'>propria&amp;</span> <span class='ocrx_word' id='word_1_16' title='bbox 670 629 725 702; x_wconf 88' lang='lat' dir='ltr'>sua</span> <span class='ocrx_word' id='word_1_17' title='bbox 741 628 909 707; x_wconf 70' lang='lat' dir='ltr'>effecerit,</span> <span class='ocrx_word' id='word_1_18' title='bbox 928 650 965 703; x_wconf 91' lang='lat' dir='ltr'>ut</span> <span class='ocrx_word' id='word_1_19' title='bbox 985 631 1119 728; x_wconf 82' lang='lat' dir='ltr'>scriptor</span> <span class='ocrx_word' id='word_1_20' title='bbox 1138 639 1217 710; x_wconf 90' lang='lat' dir='ltr'>belli</span> 
     </span>
    </p>

    <p class='ocr_par' dir='ltr' id='par_1_4' title="bbox 211 723 1216 914">
     <span class='ocr_line' id='line_1_4' title="bbox 211 723 1216 894; baseline 0.008 -97"><span class='ocrx_word' id='word_1_21' title='bbox 211 723 352 894; x_wconf 57' lang='lat' dir='ltr'>&#39;lst’rriojani</span> <span class='ocrx_word' id='word_1_22' title='bbox 370 728 520 809; x_wconf 67' lang='lat' dir='ltr'>dicatum</span> <span class='ocrx_word' id='word_1_23' title='bbox 532 747 637 821; x_wconf 89' lang='lat' dir='ltr'>quum</span> <span class='ocrx_word' id='word_1_24' title='bbox 659 728 772 820; x_wconf 89' lang='lat' dir='ltr'>plures</span> <span class='ocrx_word' id='word_1_25' title='bbox 792 728 867 800; x_wconf 91' lang='lat' dir='ltr'>belli</span> <span class='ocrx_word' id='word_1_26' title='bbox 883 729 1026 828; x_wconf 85' lang='lat' dir='ltr'>Trojani</span> <span class='ocrx_word' id='word_1_27' title='bbox 1049 733 1216 805; x_wconf 82' lang='lat' dir='ltr'>extiterint</span> 
     </span>
     <span class='ocr_line' id='line_1_5' title="bbox 270 844 394 914; baseline -0.024 -21"><span class='ocrx_word' id='word_1_28' title='bbox 270 844 394 914; x_wconf 86' lang='lat' dir='ltr'>ptores.</span> 
     </span>
    </p>

    <p class='ocr_par' dir='ltr' id='par_1_5' title="bbox 198 916 1216 2073">
     <span class='ocr_line' id='line_1_6' title="bbox 259 916 1216 1017; baseline 0.005 -25"><span class='ocrx_word' id='word_1_29' title='bbox 259 920 312 993; x_wconf 85' lang='lat' dir='ltr'>Tit</span> <span class='ocrx_word' id='word_1_30' title='bbox 336 921 417 1015; x_wconf 81' lang='lat' dir='ltr'>quid</span> <span class='ocrx_word' id='word_1_31' title='bbox 438 944 499 1017; x_wconf 84' lang='lat' dir='ltr'>rgo</span> <span class='ocrx_word' id='word_1_32' title='bbox 516 916 557 995; x_wconf 69' lang='lat' dir='ltr'><em>U</em></span> <span class='ocrx_word' id='word_1_33' title='bbox 577 920 739 1016; x_wconf 76' lang='lat' dir='ltr'>populus,</span> <span class='ocrx_word' id='word_1_34' title='bbox 767 919 837 997; x_wconf 70' lang='lat' dir='ltr'>&amp;a</span> <span class='ocrx_word' id='word_1_35' title='bbox 873 922 1058 996; x_wconf 81' lang='lat' dir='ltr'><strong>Secundam</strong></span> <span class='ocrx_word' id='word_1_36' title='bbox 1088 938 1216 1014; x_wconf 85' lang='lat' dir='ltr'>partem</span> 
     </span>
     <span class='ocr_line' id='line_1_7' title="bbox 211 1017 1216 1114; baseline 0 -23"><span class='ocrx_word' id='word_1_37' title='bbox 211 1018 407 1114; x_wconf 73' lang='lat' dir='ltr'>aggreditur</span> <span class='ocrx_word' id='word_1_38' title='bbox 423 1059 435 1097; x_wconf 73' lang='lat'><em>2</em></span> <span class='ocrx_word' id='word_1_39' title='bbox 450 1040 556 1110; x_wconf 86' lang='lat' dir='ltr'>quum</span> <span class='ocrx_word' id='word_1_40' title='bbox 578 1041 620 1087; x_wconf 89' lang='lat' dir='ltr'>eit</span> <span class='ocrx_word' id='word_1_41' title='bbox 637 1017 732 1089; x_wconf 86' lang='lat' dir='ltr'>nobis</span> <span class='ocrx_word' id='word_1_42' title='bbox 749 1017 870 1111; x_wconf 89' lang='lat' dir='ltr'>aliquid</span> <span class='ocrx_word' id='word_1_43' title='bbox 890 1022 1071 1114; x_wconf 86' lang='lat' dir='ltr'><strong>gignimus.</strong></span> <span class='ocrx_word' id='word_1_44' title='bbox 1097 1020 1139 1089; x_wconf 91' lang='lat' dir='ltr'>Iit</span> <span class='ocrx_word' id='word_1_45' title='bbox 1154 1020 1216 1092; x_wconf 91' lang='lat' dir='ltr'>hac</span> 
     </span>
     <span class='ocr_line' id='line_1_8' title="bbox 213 1109 1216 1209; baseline 0.001 -23"><span class='ocrx_word' id='word_1_46' title='bbox 213 1134 324 1209; x_wconf 84' lang='lat' dir='ltr'>parte,</span> <span class='ocrx_word' id='word_1_47' title='bbox 344 1114 468 1204; x_wconf 86' lang='lat' dir='ltr'>inquit,</span> <span class='ocrx_word' id='word_1_48' title='bbox 487 1136 555 1183; x_wconf 92' lang='lat' dir='ltr'>non</span> <span class='ocrx_word' id='word_1_49' title='bbox 574 1109 722 1184; x_wconf 85' lang='lat' dir='ltr'>standum</span> <span class='ocrx_word' id='word_1_50' title='bbox 741 1112 924 1192; x_wconf 79' lang='lat' dir='ltr'>elisamae,</span> <span class='ocrx_word' id='word_1_51' title='bbox 950 1115 1005 1187; x_wconf 90' lang='lat' dir='ltr'>sed</span> <span class='ocrx_word' id='word_1_52' title='bbox 1027 1137 1069 1186; x_wconf 82' lang='lat' dir='ltr'>ex</span> <span class='ocrx_word' id='word_1_53' title='bbox 1095 1117 1216 1187; x_wconf 85' lang='lat' dir='ltr'>morali</span> 
     </span>
     <span class='ocr_line' id='line_1_9' title="bbox 212 1208 1216 1305; baseline 0 -25"><span class='ocrx_word' id='word_1_54' title='bbox 212 1208 420 1303; x_wconf 82' lang='lat' dir='ltr'><strong>philosophia</strong></span> <span class='ocrx_word' id='word_1_55' title='bbox 445 1211 588 1281; x_wconf 89' lang='lat' dir='ltr'>eruenda</span> <span class='ocrx_word' id='word_1_56' title='bbox 612 1230 796 1302; x_wconf 66' lang='lat' dir='ltr'>praecepta:</span> <span class='ocrx_word' id='word_1_57' title='bbox 823 1234 895 1305; x_wconf 79' lang='lat' dir='ltr'>quae</span> <span class='ocrx_word' id='word_1_58' title='bbox 919 1210 979 1283; x_wconf 88' lang='lat' dir='ltr'>tibi</span> <span class='ocrx_word' id='word_1_59' title='bbox 1001 1211 1113 1283; x_wconf 88' lang='lat' dir='ltr'>omnia</span> <span class='ocrx_word' id='word_1_60' title='bbox 1140 1212 1216 1282; x_wconf 90' lang='lat' dir='ltr'>col-</span> 
     </span>
     <span class='ocr_line' id='line_1_10' title="bbox 205 1302 1214 1402; baseline 0 -23"><span class='ocrx_word' id='word_1_61' title='bbox 205 1302 293 1379; x_wconf 69' lang='lat' dir='ltr'>&#39;leda</span> <span class='ocrx_word' id='word_1_62' title='bbox 314 1304 472 1398; x_wconf 84' lang='lat' dir='ltr'>proponit</span> <span class='ocrx_word' id='word_1_63' title='bbox 491 1303 651 1377; x_wconf 81' lang='lat' dir='ltr'>Horatius</span> <span class='ocrx_word' id='word_1_64' title='bbox 676 1307 805 1398; x_wconf 84' lang='lat' dir='ltr'>plenius</span> <span class='ocrx_word' id='word_1_65' title='bbox 829 1333 866 1380; x_wconf 88' lang='lat' dir='ltr'>ac</span> <span class='ocrx_word' id='word_1_66' title='bbox 881 1307 1000 1379; x_wconf 88' lang='lat' dir='ltr'>melius</span> <span class='ocrx_word' id='word_1_67' title='bbox 1024 1305 1214 1402; x_wconf 81' lang='lat' dir='ltr'>Chrysippo</span> 
     </span>
     <span class='ocr_line' id='line_1_11' title="bbox 204 1398 1215 1493; baseline -0.003 -17"><span class='ocrx_word' id='word_1_68' title='bbox 204 1401 248 1478; x_wconf 70' lang='grc' dir='ltr'>,ἃ</span> <span class='ocrx_word' id='word_1_69' title='bbox 262 1405 442 1478; x_wconf 82' lang='lat' dir='ltr'>Crantore.</span> <span class='ocrx_word' id='word_1_70' title='bbox 479 1398 631 1474; x_wconf 72' lang='lat' dir='ltr'>Maxime</span> <span class='ocrx_word' id='word_1_71' title='bbox 656 1403 711 1475; x_wconf 87' lang='lat' dir='ltr'>tui·</span> <span class='ocrx_word' id='word_1_72' title='bbox 730 1404 858 1493; x_wconf 83' lang='lat' dir='ltr'>operis,</span> <span class='ocrx_word' id='word_1_73' title='bbox 876 1403 938 1485; x_wconf 87' lang='lat' dir='ltr'>ait,</span> <span class='ocrx_word' id='word_1_74' title='bbox 961 1406 1124 1474; x_wconf 86' lang='lat' dir='ltr'>decorum</span> <span class='ocrx_word' id='word_1_75' title='bbox 1147 1403 1215 1473; x_wconf 87' lang='lat' dir='ltr'>ser·</span> 
     </span>
     <span class='ocr_line' id='line_1_12' title="bbox 198 1495 1214 1594; baseline -0.003 -20"><span class='ocrx_word' id='word_1_76' title='bbox 198 1498 325 1581; x_wconf 33' lang='lat' dir='ltr'>trabis,</span> <span class='ocrx_word' id='word_1_77' title='bbox 341 1496 366 1568; x_wconf 90' lang='lat' dir='ltr'>si</span> <span class='ocrx_word' id='word_1_78' title='bbox 383 1512 493 1569; x_wconf 80' lang='lat' dir='ltr'>aetates</span> <span class='ocrx_word' id='word_1_79' title='bbox 510 1495 667 1592; x_wconf 88' lang='lat' dir='ltr'>cujusque</span> <span class='ocrx_word' id='word_1_80' title='bbox 684 1498 830 1589; x_wconf 82' lang='lat' dir='ltr'>personae</span> <span class='ocrx_word' id='word_1_81' title='bbox 850 1501 1015 1594; x_wconf 85' lang='lat' dir='ltr'>loquentis</span> <span class='ocrx_word' id='word_1_82' title='bbox 1029 1497 1214 1571; x_wconf 86' lang='lat' dir='ltr'>considera·</span> 
     </span>
     <span class='ocr_line' id='line_1_13' title="bbox 212 1593 1214 1684; baseline -0.001 -17"><span class='ocrx_word' id='word_1_83' title='bbox 212 1595 278 1668; x_wconf 86' lang='lat' dir='ltr'>bis.</span> <span class='ocrx_word' id='word_1_84' title='bbox 301 1594 390 1667; x_wconf 80' lang='lat' dir='ltr'>Haec</span> <span class='ocrx_word' id='word_1_85' title='bbox 410 1594 520 1665; x_wconf 90' lang='lat' dir='ltr'>omnia</span> <span class='ocrx_word' id='word_1_86' title='bbox 537 1593 628 1684; x_wconf 89' lang='lat' dir='ltr'>plana</span> <span class='ocrx_word' id='word_1_87' title='bbox 646 1593 735 1665; x_wconf 87' lang='lat' dir='ltr'>sunt:</span> <span class='ocrx_word' id='word_1_88' title='bbox 752 1593 858 1667; x_wconf 76' lang='lat' dir='ltr'>solum</span> <span class='ocrx_word' id='word_1_89' title='bbox 873 1595 1038 1668; x_wconf 82' lang='lat' dir='ltr'>adnotabo</span> <span class='ocrx_word' id='word_1_90' title='bbox 1052 1595 1084 1664; x_wconf 90' lang='lat' dir='ltr'>in</span> <span class='ocrx_word' id='word_1_91' title='bbox 1099 1593 1214 1666; x_wconf 89' lang='lat' dir='ltr'>senum</span> 
     </span>
     <span class='ocr_line' id='line_1_14' title="bbox 218 1686 1214 1783; baseline -0.003 -20"><span class='ocrx_word' id='word_1_92' title='bbox 218 1709 345 1781; x_wconf 76' lang='lat' dir='ltr'>aetate3</span> <span class='ocrx_word' id='word_1_93' title='bbox 364 1686 445 1760; x_wconf 76' lang='lat' dir='ltr'>mat&#39;e</span> <span class='ocrx_word' id='word_1_94' title='bbox 470 1689 610 1783; x_wconf 81' lang='lat' dir='ltr'>intelligi</span> <span class='ocrx_word' id='word_1_95' title='bbox 636 1688 653 1758; x_wconf 80' lang='lat' dir='ltr'>&#39;a</span> <span class='ocrx_word' id='word_1_96' title='bbox 681 1691 861 1764; x_wconf 88' lang='lat' dir='ltr'>Laurentio</span> <span class='ocrx_word' id='word_1_97' title='bbox 888 1692 990 1766; x_wconf 84' lang='lat' dir='ltr'>Valla</span> <span class='ocrx_word' id='word_1_98' title='bbox 1015 1689 1214 1762; x_wconf 89' lang='lat' dir='ltr'>versiculum</span> 
     </span>
     <span class='ocr_line' id='line_1_15' title="bbox 218 1785 1215 1885; baseline -0.004 -27"><span class='ocrx_word' id='word_1_99' title='bbox 218 1788 341 1867; x_wconf 80' lang='lat' dir='ltr'>illum,</span> <span class='ocrx_word' id='word_1_100' title='bbox 366 1787 529 1858; x_wconf 81' lang='lat' dir='ltr'>Laudatur</span> <span class='ocrx_word' id='word_1_101' title='bbox 549 1807 609 1855; x_wconf 85' lang='lat' dir='ltr'>teni</span> <span class='ocrx_word' id='word_1_102' title='bbox 633 1787 701 1857; x_wconf 82' lang='lat' dir='ltr'>oris</span> <span class='ocrx_word' id='word_1_103' title='bbox 727 1788 792 1858; x_wconf 76' lang='grc' dir='ltr'>αᾶὶ</span> <span class='ocrx_word' id='word_1_104' title='bbox 813 1788 852 1876; x_wconf 86' lang='lat' dir='ltr'>sc</span> <span class='ocrx_word' id='word_1_105' title='bbox 878 1808 1000 1885; x_wconf 80' lang='lat' dir='ltr'>puero:</span> <span class='ocrx_word' id='word_1_106' title='bbox 1030 1811 1097 1857; x_wconf 90' lang='lat' dir='ltr'>nott</span> <span class='ocrx_word' id='word_1_107' title='bbox 1123 1785 1215 1855; x_wconf 87' lang='lat' dir='ltr'>enim</span> 
     </span>
     <span class='ocr_line' id='line_1_16' title="bbox 213 1805 1215 1977; baseline -0.006 -20"><span class='ocrx_word' id='word_1_108' title='bbox 213 1882 435 1957; x_wconf 87' lang='lat' dir='ltr'>ordinandum</span> <span class='ocrx_word' id='word_1_109' title='bbox 457 1805 692 1965; x_wconf 70' lang='lat' dir='ltr'>ell‚‘laudiitor</span> <span class='ocrx_word' id='word_1_110' title='bbox 715 1881 748 1954; x_wconf 93' lang='lat' dir='ltr'>se</span> <span class='ocrx_word' id='word_1_111' title='bbox 770 1907 902 1976; x_wconf 80' lang='lat' dir='ltr'>puero,</span> <span class='ocrx_word' id='word_1_112' title='bbox 926 1881 980 1955; x_wconf 90' lang='lat' dir='ltr'>sed</span> <span class='ocrx_word' id='word_1_113' title='bbox 993 1882 1058 1956; x_wconf 74' lang='lat' dir='ltr'>affl</span> <span class='ocrx_word' id='word_1_114' title='bbox 1079 1901 1215 1977; x_wconf 60' lang='lat' dir='ltr'>tempog</span> 
     </span>
     <span class='ocr_line' id='line_1_17' title="bbox 213 1976 451 2073; baseline -0.025 -16"><span class='ocrx_word' id='word_1_115' title='bbox 213 1984 260 2057; x_wconf 88' lang='lat' dir='ltr'>ris</span> <span class='ocrx_word' id='word_1_116' title='bbox 283 1976 319 2051; x_wconf 88' lang='lat' dir='ltr'>se</span> <span class='ocrx_word' id='word_1_117' title='bbox 334 2002 451 2073; x_wconf 88' lang='lat' dir='ltr'>puero.</span> 
     </span>
    </p>
   </div>
   <div class='ocr_carea' id='block_1_2' title="bbox 265 2161 1170 2269">
    <p class='ocr_par' dir='ltr' id='par_1_6' title="bbox 265 2161 1170 2269">
     <span class='ocr_line' id='line_1_18' title="bbox 265 2161 1170 2269; baseline -0.002 -19"><span class='ocrx_word' id='word_1_118' title='bbox 265 2167 588 2252; x_wconf 70' lang='lat' dir='ltr'>sexenii</span> <span class='ocrx_word' id='word_1_119' title='bbox 640 2161 1170 2269; x_wconf 71' lang='lat' dir='ltr'>rumerari-ini,</span> 
     </span>
    </p>
   </div>
   <div class='ocr_carea' id='block_1_3' title="bbox 218 2355 1215 2592">
    <p class='ocr_par' dir='ltr' id='par_1_7' title="bbox 218 2355 1215 2592">
     <span class='ocr_line' id='line_1_19' title="bbox 218 2355 1215 2460; baseline -0.003 -13"><span class='ocrx_word' id='word_1_120' title='bbox 218 2365 280 2449; x_wconf 86' lang='lat' dir='ltr'>De</span> <span class='ocrx_word' id='word_1_121' title='bbox 307 2364 452 2447; x_wconf 83' lang='lat' dir='ltr'>Rerum</span> <span class='ocrx_word' id='word_1_122' title='bbox 479 2362 631 2460; x_wconf 82' lang='lat' dir='ltr'>decoro,</span> <span class='ocrx_word' id='word_1_123' title='bbox 668 2364 802 2447; x_wconf 84' lang='lat' dir='ltr'>uelde</span> <span class='ocrx_word' id='word_1_124' title='bbox 830 2362 1014 2447; x_wconf 70' lang='lat' dir='ltr'>Comoedia</span> <span class='ocrx_word' id='word_1_125' title='bbox 1043 2355 1096 2447; x_wconf 70' lang='lat' dir='ltr'>(T</span> <span class='ocrx_word' id='word_1_126' title='bbox 1120 2362 1215 2444; x_wconf 83' lang='lat' dir='ltr'>Tra·</span> 
     </span>
     <span class='ocr_line' id='line_1_20' title="bbox 404 2475 1032 2592; baseline 0.006 -33"><span class='ocrx_word' id='word_1_127' title='bbox 404 2480 550 2592; x_wconf 76' lang='lat' dir='ltr'>gordia,</span> <span class='ocrx_word' id='word_1_128' title='bbox 579 2478 630 2568; x_wconf 55' lang='lat' dir='ltr'><em>ff</em></span> <span class='ocrx_word' id='word_1_129' title='bbox 658 2475 823 2592; x_wconf 80' lang='lat' dir='ltr'>ipsarum</span> <span class='ocrx_word' id='word_1_130' title='bbox 844 2481 1032 2592; x_wconf 81' lang='lat' dir='ltr'>partibus.</span> 
     </span>
    </p>
   </div>
   <div class='ocr_carea' id='block_1_4' title="bbox 188 2638 1237 3996">
    <p class='ocr_par' dir='ltr' id='par_1_8' title="bbox 325 2638 1218 2738">
     <span class='ocr_line' id='line_1_21' title="bbox 325 2638 1218 2738; baseline 0.001 -26"><span class='ocrx_word' id='word_1_131' title='bbox 325 2643 371 2712; x_wconf 88' lang='lat' dir='ltr'>Ec</span> <span class='ocrx_word' id='word_1_132' title='bbox 395 2643 462 2716; x_wconf 91' lang='lat' dir='ltr'>lioc</span> <span class='ocrx_word' id='word_1_133' title='bbox 489 2663 693 2738; x_wconf 77' lang='lat' dir='ltr'>pracceptum</span> <span class='ocrx_word' id='word_1_134' title='bbox 712 2649 800 2723; x_wconf 86' lang='lat' dir='ltr'>aliud</span> <span class='ocrx_word' id='word_1_135' title='bbox 817 2647 863 2719; x_wconf 86' lang='lat' dir='ltr'>est</span> <span class='ocrx_word' id='word_1_136' title='bbox 882 2643 1055 2738; x_wconf 76' lang='lat' dir='ltr'>&#39;aquart03</span> <span class='ocrx_word' id='word_1_137' title='bbox 1075 2638 1218 2713; x_wconf 82' lang='lat' dir='ltr'>diximus</span> 
     </span>
    </p>

    <p class='ocr_par' dir='ltr' id='par_1_9' title="bbox 188 2736 1237 3996">
     <span class='ocr_line' id='line_1_22' title="bbox 337 2736 1219 2834; baseline 0 -26"><span class='ocrx_word' id='word_1_138' title='bbox 337 2741 426 2811; x_wconf 92' lang='lat' dir='ltr'>enim</span> <span class='ocrx_word' id='word_1_139' title='bbox 441 2745 600 2817; x_wconf 86' lang='lat' dir='ltr'>decorum</span> <span class='ocrx_word' id='word_1_140' title='bbox 615 2744 735 2815; x_wconf 86' lang='lat' dir='ltr'>versari</span> <span class='ocrx_word' id='word_1_141' title='bbox 752 2749 835 2818; x_wconf 89' lang='lat' dir='ltr'>circa</span> <span class='ocrx_word' id='word_1_142' title='bbox 851 2742 1017 2834; x_wconf 84' lang='lat' dir='ltr'>personas,</span> <span class='ocrx_word' id='word_1_143' title='bbox 1028 2741 1063 2811; x_wconf 74' lang='grc' dir='ltr'>ὅ(</span> <span class='ocrx_word' id='word_1_144' title='bbox 1076 2761 1147 2808; x_wconf 83' lang='lat' dir='ltr'>res:</span> <span class='ocrx_word' id='word_1_145' title='bbox 1164 2736 1219 2808; x_wconf 91' lang='lat' dir='ltr'>sed</span> 
     </span>
     <span class='ocr_line' id='line_1_23' title="bbox 219 2833 1219 2933; baseline 0.002 -29"><span class='ocrx_word' id='word_1_146' title='bbox 219 2833 459 2927; x_wconf 83' lang='lat' dir='ltr'>perspicuitatis</span> <span class='ocrx_word' id='word_1_147' title='bbox 476 2838 583 2933; x_wconf 68' lang='lat' dir='ltr'>⁴gratia</span> <span class='ocrx_word' id='word_1_148' title='bbox 605 2837 815 2931; x_wconf 82' lang='lat' dir='ltr'>separamus,</span> <span class='ocrx_word' id='word_1_149' title='bbox 842 2839 937 2910; x_wconf 90' lang='lat' dir='ltr'>simul</span> <span class='ocrx_word' id='word_1_150' title='bbox 963 2836 1038 2931; x_wconf 88' lang='lat' dir='ltr'>quia</span> <span class='ocrx_word' id='word_1_151' title='bbox 1054 2835 1219 2906; x_wconf 86' lang='lat' dir='ltr'>Horatius</span> 
     </span>
     <span class='ocr_line' id='line_1_24' title="bbox 218 2931 1220 3027; baseline -0.004 -23"><span class='ocrx_word' id='word_1_152' title='bbox 218 2933 262 3004; x_wconf 90' lang='lat' dir='ltr'>ad</span> <span class='ocrx_word' id='word_1_153' title='bbox 276 2932 480 3027; x_wconf 84' lang='lat' dir='ltr'>Tragoedias</span> <span class='ocrx_word' id='word_1_154' title='bbox 499 2933 535 3008; x_wconf 87' lang='lat'>&amp;</span> <span class='ocrx_word' id='word_1_155' title='bbox 551 2934 749 3008; x_wconf 89' lang='lat' dir='ltr'>Comoedias</span> <span class='ocrx_word' id='word_1_156' title='bbox 765 2958 876 3009; x_wconf 92' lang='lat' dir='ltr'>totum</span> <span class='ocrx_word' id='word_1_157' title='bbox 896 2931 927 3005; x_wconf 87' lang='lat' dir='ltr'>se</span> <span class='ocrx_word' id='word_1_158' title='bbox 943 2934 1129 3003; x_wconf 86' lang='lat' dir='ltr'>convertit.&#39;</span> <span class='ocrx_word' id='word_1_159' title='bbox 1146 2938 1220 3000; x_wconf 84' lang='lat' dir='ltr'>Aut</span> 
     </span>
     <span class='ocr_line' id='line_1_25' title="bbox 220 3027 1222 3127; baseline 0 -30"><span class='ocrx_word' id='word_1_160' title='bbox 220 3029 334 3124; x_wconf 80' lang='lat' dir='ltr'>agitio</span> <span class='ocrx_word' id='word_1_161' title='bbox 363 3055 440 3127; x_wconf 84' lang='lat' dir='ltr'>ergo</span> <span class='ocrx_word' id='word_1_162' title='bbox 463 3055 516 3102; x_wconf 84' lang='lat' dir='ltr'>tes</span> <span class='ocrx_word' id='word_1_163' title='bbox 543 3032 576 3101; x_wconf 87' lang='lat' dir='ltr'>in</span> <span class='ocrx_word' id='word_1_164' title='bbox 592 3032 729 3119; x_wconf 83' lang='lat' dir='ltr'>scenis,</span> <span class='ocrx_word' id='word_1_165' title='bbox 757 3031 907 3104; x_wconf 70' lang='lat' dir='ltr'>antarta</span> <span class='ocrx_word' id='word_1_166' title='bbox 936 3027 1086 3120; x_wconf 70' lang='lat' dir='ltr'>refertur.</span> <span class='ocrx_word' id='word_1_167' title='bbox 1131 3027 1222 3099; x_wconf 86' lang='lat' dir='ltr'>Haec</span> 
     </span>
     <span class='ocr_line' id='line_1_26' title="bbox 221 3121 1222 3221; baseline -0.001 -27"><span class='ocrx_word' id='word_1_168' title='bbox 221 3122 382 3197; x_wconf 71' lang='lat' dir='ltr'>dillinslio</span> <span class='ocrx_word' id='word_1_169' title='bbox 406 3129 470 3199; x_wconf 91' lang='lat' dir='ltr'>huc</span> <span class='ocrx_word' id='word_1_170' title='bbox 497 3124 635 3219; x_wconf 59' lang='lat' dir='ltr'>speeiem</span> <span class='ocrx_word' id='word_1_171' title='bbox 665 3147 701 3198; x_wconf 92' lang='lat' dir='ltr'>ut</span> <span class='ocrx_word' id='word_1_172' title='bbox 726 3153 799 3221; x_wconf 85' lang='lat' dir='ltr'>quae</span> <span class='ocrx_word' id='word_1_173' title='bbox 826 3129 950 3219; x_wconf 89' lang='lat' dir='ltr'>optima</span> <span class='ocrx_word' id='word_1_174' title='bbox 980 3122 1157 3195; x_wconf 88' lang='lat' dir='ltr'>credideris</span> <span class='ocrx_word' id='word_1_175' title='bbox 1187 3121 1222 3193; x_wconf 89' lang='lat' dir='ltr'>in</span> 
     </span>
     <span class='ocr_line' id='line_1_27' title="bbox 221 3220 1223 3316; baseline -0.002 -24"><span class='ocrx_word' id='word_1_176' title='bbox 221 3221 373 3307; x_wconf 69' lang='lat' dir='ltr'>afflone,</span> <span class='ocrx_word' id='word_1_177' title='bbox 388 3220 523 3295; x_wconf 64' lang='lat' dir='ltr'>minimi*</span> <span class='ocrx_word' id='word_1_178' title='bbox 540 3226 709 3297; x_wconf 82' lang='lat' dir='ltr'>nairentur</span> <span class='ocrx_word' id='word_1_179' title='bbox 727 3224 789 3295; x_wconf 89' lang='lat' dir='ltr'>else</span> <span class='ocrx_word' id='word_1_180' title='bbox 813 3224 917 3306; x_wconf 66' lang='lat' dir='ltr'>faeie,</span> <span class='ocrx_word' id='word_1_181' title='bbox 934 3220 985 3292; x_wconf 93' lang='lat' dir='ltr'>sed</span> <span class='ocrx_word' id='word_1_182' title='bbox 1005 3239 1143 3316; x_wconf 88' lang='lat' dir='ltr'>agantur</span> <span class='ocrx_word' id='word_1_183' title='bbox 1160 3241 1223 3310; x_wconf 83' lang='lat' dir='ltr'>pa·</span> 
     </span>
     <span class='ocr_line' id='line_1_28' title="bbox 188 3315 1224 3413; baseline -0.007 -25"><span class='ocrx_word' id='word_1_184' title='bbox 188 3356 192 3361; x_wconf 93' lang='lat'>·</span> <span class='ocrx_word' id='word_1_185' title='bbox 222 3315 318 3388; x_wconf 79' lang='lat' dir='ltr'>l&#39;am:</span> <span class='ocrx_word' id='word_1_186' title='bbox 341 3343 416 3392; x_wconf 88' lang='lat' dir='ltr'>nam</span> <span class='ocrx_word' id='word_1_187' title='bbox 436 3345 510 3413; x_wconf 75' lang='lat' dir='ltr'>quae</span> <span class='ocrx_word' id='word_1_188' title='bbox 526 3321 702 3400; x_wconf 85' lang='lat' dir='ltr'>videmus,</span> <span class='ocrx_word' id='word_1_189' title='bbox 727 3319 862 3392; x_wconf 77' lang='lat' dir='ltr'>validius</span> <span class='ocrx_word' id='word_1_190' title='bbox 886 3336 1032 3390; x_wconf 88' lang='lat' dir='ltr'>mentem</span> <span class='ocrx_word' id='word_1_191' title='bbox 1057 3316 1224 3396; x_wconf 78' lang='lat' dir='ltr'>excitant,</span> 
     </span>
     <span class='ocr_line' id='line_1_29' title="bbox 222 3408 1224 3509; baseline -0.008 -24"><span class='ocrx_word' id='word_1_192' title='bbox 222 3412 322 3508; x_wconf 83' lang='lat' dir='ltr'>qu&#39;am</span> <span class='ocrx_word' id='word_1_193' title='bbox 335 3441 410 3509; x_wconf 83' lang='lat' dir='ltr'>quae</span> <span class='ocrx_word' id='word_1_194' title='bbox 427 3419 589 3493; x_wconf 86' lang='lat' dir='ltr'>audimus.</span> <span class='ocrx_word' id='word_1_195' title='bbox 623 3417 788 3506; x_wconf 72' lang='lat' dir='ltr'>Quadam</span> <span class='ocrx_word' id='word_1_196' title='bbox 811 3434 921 3489; x_wconf 89' lang='lat' dir='ltr'>tamen</span> <span class='ocrx_word' id='word_1_197' title='bbox 937 3417 1034 3486; x_wconf 88' lang='lat' dir='ltr'>etiam</span> <span class='ocrx_word' id='word_1_198' title='bbox 1055 3408 1153 3481; x_wconf 90' lang='lat' dir='ltr'>sisint</span> <span class='ocrx_word' id='word_1_199' title='bbox 1166 3409 1224 3481; x_wconf 83' lang='lat' dir='ltr'>ad·</span> 
     </span>
     <span class='ocr_line' id='line_1_30' title="bbox 222 3506 1224 3613; baseline -0.008 -30"><span class='ocrx_word' id='word_1_200' title='bbox 222 3510 402 3595; x_wconf 82' lang='lat' dir='ltr'>mirabilia,</span> <span class='ocrx_word' id='word_1_201' title='bbox 416 3515 526 3606; x_wconf 90' lang='lat' dir='ltr'>potius</span> <span class='ocrx_word' id='word_1_202' title='bbox 540 3517 694 3587; x_wconf 84' lang='lat' dir='ltr'>narranda</span> <span class='ocrx_word' id='word_1_203' title='bbox 710 3513 801 3593; x_wconf 83' lang='lat' dir='ltr'>sunt,</span> <span class='ocrx_word' id='word_1_204' title='bbox 814 3513 914 3606; x_wconf 84' lang='lat' dir='ltr'>quim</span> <span class='ocrx_word' id='word_1_205' title='bbox 932 3513 964 3582; x_wconf 92' lang='lat' dir='ltr'>iii</span> <span class='ocrx_word' id='word_1_206' title='bbox 981 3506 1112 3581; x_wconf 86' lang='lat' dir='ltr'>theatris</span> <span class='ocrx_word' id='word_1_207' title='bbox 1121 3526 1224 3613; x_wconf 80' lang='lat' dir='ltr'>pera·</span> 
     </span>
     <span class='ocr_line' id='line_1_31' title="bbox 224 3600 1223 3708; baseline -0.004 -31"><span class='ocrx_word' id='word_1_208' title='bbox 224 3610 352 3703; x_wconf 88' lang='lat' dir='ltr'>genda:</span> <span class='ocrx_word' id='word_1_209' title='bbox 370 3611 466 3685; x_wconf 87' lang='lat' dir='ltr'>Circa</span> <span class='ocrx_word' id='word_1_210' title='bbox 484 3609 549 3682; x_wconf 89' lang='lat' dir='ltr'>hoc</span> <span class='ocrx_word' id='word_1_211' title='bbox 567 3612 725 3682; x_wconf 87' lang='lat' dir='ltr'>decorum</span> <span class='ocrx_word' id='word_1_212' title='bbox 740 3608 957 3702; x_wconf 89' lang='lat' dir='ltr'>reprehensus</span> <span class='ocrx_word' id='word_1_213' title='bbox 971 3605 1032 3684; x_wconf 83' lang='lat' dir='ltr'>fuit</span> <span class='ocrx_word' id='word_1_214' title='bbox 1047 3600 1223 3708; x_wconf 73' lang='lat' dir='ltr'>Euripides</span> 
     </span>
     <span class='ocr_line' id='line_1_32' title="bbox 224 3695 1237 3803; baseline -0.006 -29"><span class='ocrx_word' id='word_1_215' title='bbox 224 3705 280 3792; x_wconf 89' lang='lat' dir='ltr'>(ut</span> <span class='ocrx_word' id='word_1_216' title='bbox 295 3706 337 3775; x_wconf 88' lang='lat' dir='ltr'>ait</span> <span class='ocrx_word' id='word_1_217' title='bbox 351 3707 504 3797; x_wconf 85' lang='lat' dir='ltr'>Arillot.)</span> <span class='ocrx_word' id='word_1_218' title='bbox 526 3704 615 3799; x_wconf 84' lang='lat' dir='ltr'>qudd</span> <span class='ocrx_word' id='word_1_219' title='bbox 630 3709 790 3780; x_wconf 86' lang='lat' dir='ltr'>Medeam</span> <span class='ocrx_word' id='word_1_220' title='bbox 806 3708 841 3779; x_wconf 90' lang='lat' dir='ltr'>itt</span> <span class='ocrx_word' id='word_1_221' title='bbox 858 3707 984 3778; x_wconf 88' lang='lat' dir='ltr'>theatro</span> <span class='ocrx_word' id='word_1_222' title='bbox 1001 3699 1116 3803; x_wconf 71' lang='lat' dir='ltr'>fecerit</span> <span class='ocrx_word' id='word_1_223' title='bbox 1137 3695 1237 3799; x_wconf 82' lang='lat' dir='ltr'>filios</span> 
     </span>
     <span class='ocr_line' id='line_1_33' title="bbox 225 3791 1226 3896; baseline -0.006 -26"><span class='ocrx_word' id='word_1_224' title='bbox 225 3800 301 3877; x_wconf 82' lang='lat' dir='ltr'>l&#39;uos</span> <span class='ocrx_word' id='word_1_225' title='bbox 317 3806 554 3883; x_wconf 86' lang='lat' dir='ltr'>trucidantem,</span> <span class='ocrx_word' id='word_1_226' title='bbox 570 3806 713 3896; x_wconf 87' lang='lat' dir='ltr'>denique</span> <span class='ocrx_word' id='word_1_227' title='bbox 730 3802 852 3878; x_wconf 82' lang='lat' dir='ltr'>nefaria</span> <span class='ocrx_word' id='word_1_228' title='bbox 869 3818 924 3878; x_wconf 88' lang='lat' dir='ltr'>aut</span> <span class='ocrx_word' id='word_1_229' title='bbox 942 3791 1142 3874; x_wconf 86' lang='lat' dir='ltr'>incredibilia</span> <span class='ocrx_word' id='word_1_230' title='bbox 1156 3816 1226 3866; x_wconf 90' lang='lat' dir='ltr'>non</span> 
     </span>
     <span class='ocr_line' id='line_1_34' title="bbox 227 3897 817 3996; baseline -0.007 -25"><span class='ocrx_word' id='word_1_231' title='bbox 227 3897 352 3979; x_wconf 86' lang='lat' dir='ltr'>oculis,</span> <span class='ocrx_word' id='word_1_232' title='bbox 375 3897 430 3969; x_wconf 89' lang='lat' dir='ltr'>sed</span> <span class='ocrx_word' id='word_1_233' title='bbox 449 3899 582 3972; x_wconf 85' lang='lat' dir='ltr'>auribus</span> <span class='ocrx_word' id='word_1_234' title='bbox 607 3898 817 3996; x_wconf 81' lang='lat' dir='ltr'>objiciantur.</span> 
     </span>
    </p>
   </div>
   <div class='ocr_carea' id='block_1_5' title="bbox 270 3983 1228 4100">
    <p class='ocr_par' dir='ltr' id='par_1_10' title="bbox 270 3983 1228 4100">
     <span class='ocr_line' id='line_1_35' title="bbox 270 3983 1228 4100; baseline -0.026 -23"><span class='ocrx_word' id='word_1_235' title='bbox 270 3995 370 4077; x_wconf 65' lang='lat' dir='ltr'>Neve</span> <span class='ocrx_word' id='word_1_236' title='bbox 394 3999 501 4075; x_wconf 73' lang='lat' dir='ltr'>minut</span> <span class='ocrx_word' id='word_1_237' title='bbox 524 3997 647 4100; x_wconf 78' lang='lat' dir='ltr'>gitium.</span> <span class='ocrx_word' id='word_1_238' title='bbox 685 3995 860 4091; x_wconf 85' lang='lat' dir='ltr'>Quoniam</span> <span class='ocrx_word' id='word_1_239' title='bbox 881 3992 1070 4099; x_wconf 85' lang='lat' dir='ltr'>Ttagoedia</span> <span class='ocrx_word' id='word_1_240' title='bbox 1089 3986 1156 4078; x_wconf 88' lang='lat' dir='ltr'>(ut</span> <span class='ocrx_word' id='word_1_241' title='bbox 1183 3983 1228 4056; x_wconf 84' lang='lat' dir='ltr'>eit</span> 
     </span>
    </p>
   </div>
   <div class='ocr_carea' id='block_1_6' title="bbox 685 4075 1231 4188">
    <p class='ocr_par' dir='ltr' id='par_1_11' title="bbox 685 4075 1231 4188">
     <span class='ocr_line' id='line_1_36' title="bbox 685 4075 1231 4188; baseline -0.02 -29"><span class='ocrx_word' id='word_1_242' title='bbox 685 4091 688 4096; x_wconf 85' lang='grc'><strong>’</strong></span> <span class='ocrx_word' id='word_1_243' title='bbox 730 4092 841 4188; x_wconf 79' lang='lat' dir='ltr'>.F4</span> <span class='ocrx_word' id='word_1_244' title='bbox 1136 4075 1231 4165; x_wconf 70' lang='lat' dir='ltr'>iliis·⁴</span> 
     </span>
    </p>
   </div>
   <div class='ocr_carea' id='block_1_7' title="bbox 0 0 1455 4709">
    <p class='ocr_par' dir='ltr' id='par_1_12' title="bbox 0 0 1455 4709">
     <span class='ocr_line' id='line_1_37' title="bbox 0 0 1455 4709; baseline 0 0"><span class='ocrx_word' id='word_1_245' title='bbox 0 0 1455 4709; x_wconf 95' lang='lat' dir='ltr'> </span> 
     </span>
    </p>
   </div>
  </div>
 </body>
</html>
