2859 4709
465 386 737 476 Ean'o-an
797 398 850 473 X.
994 378 996 382 ¹
1089 418 1200 498 175·

150 523 247 621 Qua
268 547 502 623 nemora,aus
526 530 580 624 qui
603 551 661 598 vos
675 526 788 614 saltus
811 525 971 608 habuere,
991 527 1112 616 puella

152 630 328 709 Naiodcs,
354 628 584 722 indignorum
609 625 724 698 Gallus
750 649 855 695 amore
881 625 1028 718 perires,

153 724 247 796 Nom
272 748 375 821 neque
400 720 544 813 Pornoffl
567 724 658 794 vodis
676 723 783 816 juga,
808 747 881 793 nam
906 740 1007 822 neque
1029 721 1129 796 Pindi
1231 808 1235 817 ἱ

155 821 236 894 Ulla
258 847 381 893 moram
400 819 531 912 fecere,
555 841 667 913 neque
683 822 805 890 Aaaiae
829 822 1032 914 Aganippe,

156 920 253 992 Illum
282 921 378 990 eciam
401 917 507 993 lauri,
534 917 626 986 illum
651 915 748 987 eciam
761 918 893 1012 flevere
917 911 1075 984 musicae:

158 1015 286 1107 Pinrfer
311 1016 401 1086 illurn
425 1015 520 1085 eciam
537 1013 612 1100 sola
628 1011 691 1099 sub
716 1034 797 1108 rupe
814 1015 976 1106 jacentem

160 1113 353 1195 Manates,
378 1111 419 1184 (τ’
444 1109 549 1206 gelidi
567 1112 738 1206 fleuerunt
757 1110 843 1196 seaxa
871 1107 992 1182 Lucaei.

160 1213 256 1283 Stans
281 1206 323 1282 (τ’
347 1232 424 1278 oues
443 1208 584 1284 circum,
601 1201 695 1300 ncqlri
720 1229 777 1277 nec
797 1208 934 1302 qaenises
958 1203 1044 1277 illas.

162 1307 234 1378 Nes
257 1327 291 1377 te
313 1306 463 1400 puniceae
484 1304 633 1398 pecoris,
661 1301 771 1375 divine
792 1325 901 1400 porra.

163 1403 203 1472 Ec
215 1400 381 1492 formosus
403 1424 483 1472 oues
505 1397 547 1468 ad
561 1399 706 1495 flumina
731 1405 826 1495 pavit
848 1401 999 1474 Adonis:

163 1496 263 1572 Venit
291 1499 332 1575 (5
355 1499 478 1594 opili03
503 1497 593 1567 tardi
613 1519 731 1567 venere
745 1499 877 1586 subulci
890 1526 903 1568 .·

164 1593 287 1667 lividus
314 1596 443 1668 hiberno
465 1592 558 1664 uenit
582 1592 622 1664 de
643 1592 766 1687 glande
789 1596 984 1667 Menalcas:

165 1693 308 1773 Omnes,
330 1689 411 1762 unde
428 1713 514 1758 arnor
531 1683 607 1780 iste,
627 1708 766 1783 roganc3
786 1691 846 1762 cibi
866 1693 955 1763 uenit
973 1695 1121 1788 Apollo,

164 1787 285 1863 Galle,
312 1787 387 1880 quid
410 1785 546 1873 insonis,
565 1786 693 1881 inquis,
711 1807 769 1856 tua
786 1812 864 1859 euro
882 1789 1021 1860 Lucoris

167 1882 291 1978 Perque
311 1883 400 1955 niues
422 1883 544 1962 alium,
567 1902 686 1977 perque
711 1883 843 1955 horrida
872 1882 970 1976 castm
982 1883 1098 1969 secuta
1114 1884 1166 1984 est.

168 1978 265 2050 Venis
293 1978 333 2054 (ἲ
356 1975 475 2076 agresti
500 1979 614 2073 capitis
641 1978 795 2052 Silvanus
819 1981 938 2070 lronore
951 2024 980 2073 ,q

169 2073 327 2149 Florentes
343 2075 495 2166 ferulas,
522 2076 563 2150 (7
587 2078 729 2171 grandia
753 2080 824 2149 lilio
849 2075 1007 2173 quaffans.
1050 2120 1054 2132 ι

171 2171 350 2244 Pan-Deus
376 2174 534 2244 Arcadia
554 2173 668 2252 venie,
695 2196 785 2265 quem
811 2174 953 2246 vidim'us
979 2168 1036 2270 ipfi

171 2270 359 2366 Sanguineis
384 2267 471 2340 ebuli
490 2268 617 2347 lascis,
640 2269 798 2366 minioque
823 2270 994 2342 rubentem.

172 2366 286 2460 Ecquis
303 2370 370 2436 eric
393 2363 528 2436 modusl
553 2365 678 2461 inquit,
698 2391 790 2437 amor
813 2392 878 2440 non
898 2367 979 2439 ralia
996 2387 1099 2440 curas.

171 2461 237 2532 Nec
263 2463 414 2534 lacrumis
440 2462 583 2532 crudelis
607 2486 718 2539 amor,
741 2467 974 2651 neofgramino
997 2468 1103 2541 rivis,

169 2558 238 2628 Nec
261 2559 379 2648 curlriso
391 2559 587 2646 saturantur
612 2579 707 2654 apes,
729 2585 787 2632 nec
826 2565 926 2632 rande
948 2563 1096 2655 capella:

169 2650 277 2747 Tristis
300 2678 332 2726 ae
352 2658 407 2732 ille
427 2677 550 2738 romeu,
577 2657 775 2738 Caneoditis,
799 2661 970 2737 Arcades,
992 2660 1118 2752 inquit,

169 2753 339 2823 Montibus
362 2755 428 2825 haec
451 2749 582 2844 uestris,
598 2751 666 2841 soli
684 2775 814 2826 cantare
834 2756 935 2850 periri

171 2848 341 2919 Arcades:
362 2844 380 2920 ὸ
404 2848 482 2921 mihi
504 2870 570 2918 tum
595 2874 687 2944 quam
710 2853 851 2922 molliter
873 2849 936 2945 offis
960 2852 1145 2948 quiescant,

169 2942 204 3016 V
203 2941 284 3038 estro
308 2970 391 3017 meos
418 2945 493 3017 alim
504 2941 536 3038 fi
549 2941 658 3040 fistula
682 2947 769 3020 dicat
798 2973 934 3019 amores.

170 3045 275 3134 Acque
297 3043 416 3113 urinam
438 3041 589 3114 servolis
609 3068 709 3121 unus,
732 3041 885 3139 vestrique
900 3041 1030 3139 fuiffem

172 3141 240 3207 Aut
259 3135 357 3231 custos
374 3139 507 3235 gregis,
532 3161 588 3221 aus
608 3164 741 3211 maturae
764 3143 884 3212 vinitor
909 3168 994 3213 uoce.

172 3227 281 3312 Cerci,
299 3231 370 3325 five
392 3237 471 3307 milri
491 3236 638 3321 Plrullis,
656 3236 727 3332 five
751 3237 826 3332 effes
849 3244 1033 3320 Annaeus,

174 3331 232 3400 Seu
257 3332 434 3428 quicunque
451 3330 566 3422 furor,
590 3336 692 3428 (quid
715 3358 805 3416 cum,
820 3332 850 3428 fi
867 3333 980 3424 fuscus
1006 3341 1168 3408 Amuntns

176 3427 214 3493 Ec
234 3431 339 3522 nigrae
364 3431 461 3499 violae
477 3429 578 3516 suns,
604 3432 644 3505 (τ’
662 3434 812 3503 vaccinia
830 3432 972 3528 nigra‚)
1164 3444 1168 3453 '

177 3523 300 3592 Mecum
320 3525 405 3596 incer
420 3526 540 3612 salices
567 3528 653 3599 lenta
667 3529 729 3615 sub
752 3531 820 3600 vice
840 3531 983 3620 jacere-c:
1086 3544 1090 3550 '
1156 3534 1168 3545 “’

178 3618 263 3688 Sena
283 3621 362 3692 mihi
383 3625 512 3694 Phullis
538 3623 679 3718 legeree3
703 3644 850 3698 cantaret
871 3631 1046 3695 Amuncas.

178 3712 240 3786 Hic
256 3718 364 3813 gelidi
377 3717 514 3806 fontes,
541 3719 592 3790 hio
618 3721 729 3810 mollio
752 3742 869 3814 prata,
892 3722 1034 3790 Lucori:
1112 3729 1115 3734 ’

178 3809 237 3880 Hic
261 3836 394 3900 nemus;
421 3817 471 3887 hic
497 3814 563 3909 ipso
587 3838 691 3887 cecum
714 3817 906 3902 consumerer
929 3839 1037 3884 aevo.-

181 3905 271 3979 Nunc
296 3912 429 3998 insanus
450 3937 541 3982 amor
565 3915 640 3984 duri
664 3935 714 3982 me
738 3912 863 3980 Martis
884 3913 919 3981 in
938 3909 1061 3993 armis,

181 3997 252 4077 Tela
276 4007 362 4082 incer
384 4007 507 4091 media,
531 4029 624 4103 usque
648 4007 797 4098 aduersos
821 4005 940 4079 detines
959 4002 1068 4102 lrrrfles.
1115 4095 1152 4171 Τ

1146 4128 1169 4175 ιτ
