2859 4709
264 364 271 375 '
383 365 460 445 De
499 371 958 447 Aucuporurcu
1082 351 1153 471 ὼγ

200 513 233 560 tu
249 498 420 578 cupressum,
443 500 574 559 arborem
593 502 610 557 b
630 499 742 560 marinzs
764 502 890 561 fludiibus
911 501 1030 561 alienam
1051 500 1080 561 in
1106 507 1152 566 lo.

151 644 155 651 ,
201 582 241 640 cis
261 579 361 640 tabulae
389 577 484 639 vacuis
502 579 636 655 depingas
655 581 683 638 in
702 583 798 642 medio
823 580 919 641 mari?
953 580 987 637 In
1009 581 1076 642 locis
1096 584 1152 645 ita-

201 679 253 736 que
274 659 323 734 qui
343 659 403 719 sunt
428 659 507 717 velut
528 658 686 734 epipsodia,
705 660 736 719 id
756 661 795 721 est
815 659 843 718 in
866 658 937 718 locis
956 663 1151 723 communibus

201 739 297 816 poteris
317 738 417 799 lucum
437 737 619 803 describere,
645 740 692 799 vel
716 742 846 816 templa,
867 737 997 805 samam,
1022 738 1152 809 samem,

202 817 354 894 palestrae,
371 819 403 879 ἃ
421 835 533 876 currus:
554 817 602 876 sed
622 814 660 876 ita
680 819 740 878 haec
757 821 818 879 sunt
833 818 998 884 inserenda,
1009 822 1041 880 ἃ
1055 836 1153 880 attem-

202 899 344 973 peranda,
378 918 409 957 ιιι
434 915 492 955 non
517 896 615 957 venias
638 895 667 955 in
694 898 902 977 suspicionem,
924 915 951 958 te
980 899 1050 957 nihil
1067 899 1153 960 aliud

201 977 269 1050 posse
296 993 357 1039 tarn
389 978 463 1038 bene
488 975 665 1054 depingere,
689 996 736 1038 aut
765 978 949 1045 describere,
976 998 1061 1053 quam
1084 978 1154 1047 illa,

200 1076 255 1133 que
272 1075 332 1117 tarn
347 1059 453 1118 crebro
473 1055 615 1122 inculcas,
638 1056 721 1117 etiarn
738 1059 758 1115 fi
781 1056 831 1115 fint
851 1055 933 1133 panni
943 1094 959 1125 „
970 1059 1003 1116 &
1030 1057 1152 1118 affutura

201 1155 332 1214 perquam
357 1137 513 1216 elegantes.
555 1135 653 1211 Itaque
674 1158 765 1214 neque
787 1138 816 1196 in
840 1136 959 1198 Achillis
986 1135 1078 1199 forma
1099 1139 1152 1197 de-

199 1217 336 1294 pingenda
360 1215 413 1278 tibi
432 1213 539 1292 aliquid
559 1215 713 1285 libertatis,
724 1237 822 1294 praeter
846 1237 930 1293 quarn
958 1236 1018 1293 quae
1039 1221 1074 1275 ab
1086 1219 1152 1274 llo-

200 1315 275 1357 anero
297 1294 447 1362 traditur,
475 1294 687 1360 concedemus,
709 1317 763 1357 nec
789 1297 818 1356 in
844 1294 922 1372 ipsius
951 1296 1051 1356 tabulae
1081 1296 1151 1356 socie

201 1375 291 1437 saeuis
317 1374 469 1449 delphinos
476 1410 486 1440 ,
505 1373 637 1442 choreas,
659 1375 807 1443 Silvanus,
831 1376 1019 1454 &anguillas
1047 1376 1151 1451 depin-

198 1454 247 1534 gi,
268 1454 417 1532 patiemur.
457 1454 655 1533 Quodcunque
674 1455 757 1534 igitur
779 1454 954 1535 aggrederis,
977 1455 1033 1514 tale
1057 1456 1104 1524 st,
1122 1471 1151 1515 ιιι

197 1550 286 1612 partes
310 1554 375 1595 cum
396 1550 457 1597 toto
480 1533 518 1595 ita
538 1536 729 1602 concordent,
759 1553 789 1594 ut
811 1553 900 1596 retum
924 1535 995 1595 illud
1014 1535 1151 1594 brunum

197 1613 343 1689 idemque.
376 1615 442 1677 Nec
458 1615 537 1678 enim
557 1634 606 1690 par
628 1613 685 1680 eli,
704 1634 735 1673 ut
754 1615 861 1690 ineptos
875 1611 976 1692 figulos
992 1613 1151 1680 imitemur,

199 1692 250 1770 qni
271 1696 340 1753 vasa
358 1694 466 1770 capacia
485 1695 632 1755 intendunt
648 1692 816 1760 efformare,
840 1691 943 1754 deinde
964 1696 1081 1752 veroin
1103 1710 1151 1753 ut·

198 1771 321 1833 ceolum
338 1771 468 1834 minutum
486 1771 631 1834 desinunt:
649 1793 702 1834 nec
725 1774 810 1835 etiam
829 1775 859 1833 in
877 1773 957 1849 ipsius
973 1772 1073 1832 tabulas
1089 1790 1151 1847 pat-

197 1851 276 1911 ribus
293 1851 430 1928 amplius,
449 1855 532 1931 quam
554 1854 594 1913 rei
623 1869 719 1914 natura
750 1851 866 1930 patitur,
892 1849 988 1911 licebit
1012 1849 1148 1928 divagari.
1261 1878 1268 1891 =

198 1932 272 1995 Hoec
294 1928 409 1998 libertas
426 1949 572 2011 metatum
588 1931 645 2003 etl,
661 1951 720 1994 uon
742 1930 792 1992 illa
811 1951 896 2010 quam
910 1947 940 1990 tu
958 1927 1114 1990 divinabas.

294 2084 297 2091 ’
365 2090 995 2179 Aunortrronns

238 2251 327 2333 Risum
346 2252 456 2314 memb
473 2248 601 2330 amieis)
643 2249 759 2311 Amicus
785 2270 901 2327 magnus
923 2265 983 2312 erat
1007 2248 1154 2327 antiquitus

205 2338 298 2472 sss
310 2329 862 2486 ffisimdiisiimiiimbiiliii
885 2335 1021 2489 ists
1054 2334 1154 2470 iii

205 2492 390 2554 Moecenatem
403 2491 480 2556 :Ibis
493 2487 623 2551 Liburnis
639 2488 712 2550 inter
730 2489 785 2552 alta
804 2490 920 2552 narium
929 2527 940 2559 ,
959 2492 1074 2556 Amice,
1088 2509 1155 2562 pro-

254 2573 364 2636 uacua.

203 2588 315 2712 1,mirleus
334 2652 401 2730 egri
419 2649 560 2728 somnia.)
601 2647 694 2728 Magis
718 2648 810 2727 placet
835 2647 901 2726 agri
920 2645 1048 2723 ⁸sorrtrria,
1070 2647 1155 2718 quum

202 2733 278 2806 agris
288 2731 405 2808 somna.
433 2728 587 2796 stirndum
604 2746 700 2789 autem
719 2727 760 2788 est
777 2727 923 2805 scriptores
941 2724 1086 2787 librarios,
1106 2723 1153 2800 qui

203 2808 323 2873 distante
349 2810 425 2876 alio,
450 2807 646 2882 excipiebant,
668 2807 772 2870 multos
791 2810 870 2868 locos
896 2820 1024 2865 autorum
1053 2805 1155 2880 depra-¹

202 2889 294 2959 vaffe,
318 2908 405 2967 quum
424 2886 552 2948 audirent
577 2887 714 2949 didiiones
748 2887 854 2964 aliquas
886 2883 914 2943 in
937 2886 957 2944 S
981 2884 1156 2950 desinentes,

201 2967 333 3045 sequente
351 2967 463 3036 vocali,
491 2983 541 3027 arat
562 2983 677 3032 contra,
694 2983 741 3027 aut
760 2967 790 3026 in
813 2963 1020 3032 stetinenses,
1043 2963 1103 3024 aliis
1118 2969 1154 3026 ab

201 3046 443 3123 Sincipieuubur:
462 3062 492 3108 ut
501 3044 607 3125 sardios
624 3047 690 3103 imos
701 3083 709 3112 ‚
720 3044 813 3121 landa
821 3043 923 3124 fimus,
944 3043 1050 3120 sandius
1059 3041 1151 3120 fimus.

166 3166 171 3176 ·
201 3126 234 3186 In
252 3128 311 3190 hoc
332 3146 419 3206 opere
436 3123 490 3206 (ut
510 3145 578 3188 mox
595 3124 725 3204 dicetur)
747 3125 848 3202 legitur
863 3120 952 3201 suffit,
971 3142 1022 3196 pro
1042 3119 1150 3199 ius-fir,

203 3207 235 3266 &
255 3211 365 3282 Samii.
381 3208 429 3267 lib.
443 3226 468 3266 ι.
489 3205 546 3266 hoc
563 3204 659 3282 misera
675 3206 755 3284 plebis
768 3205 853 3281 flabat
868 3222 875 3260 τ
893 3220 944 3276 pro
961 3201 1056 3279 misere
1071 3203 1149 3277 plebi·

201 3285 236 3345 Iu
247 3285 362 3348 cantico
377 3283 522 3347 zacharie
538 3283 657 3363 legitur:
677 3285 743 3342 Fecit
766 3283 964 3362 redemptionem
974 3281 1060 3361 plebis
1076 3279 1149 3354 suu:

201 3382 250 3442 pro
266 3366 358 3446 plebi,
382 3374 421 3426 ul
440 3371 509 3427 aad.
546 3367 651 3425 Teren.
681 3368 752 3424 Eur.
777 3363 829 3423 asi.
845 3383 870 3433 5.
888 3361 1006 3440 [teng.
1030 3361 1093 3417 vide
1117 3375 1148 3416 ur

203 3444 292 3523 triesm
307 3443 365 3523 fir,
381 3444 445 3524 lege
465 3443 556 3523 otiosus
576 3445 607 3503 ir.
638 3441 750 3503 Plautus
770 3443 868 3501 Ausul.
904 3443 976 3498 Nam
987 3436 1016 3518 fi
1031 3438 1148 3514 opusrmo

198 3520 354 3604 fitprtitrrm
372 3514 535 3604 pauperioris
548 3523 688 3601 gratiam,
707 3520 754 3598 qui
776 3522 854 3595 locus
869 3518 954 3582 valde
971 3515 1149 3587 conturbavit

206 3607 329 3681 antiquos
351 3603 563 3684 Grammaticos.
595 3603 694 3682 Lege:
718 3605 788 3660 Nam
798 3602 826 3682 ft
845 3602 962 3680 pulense
973 3594 1008 3674 ssr
1030 3597 1149 3686 periture.

202 3684 359 3763 spalmus,
382 3702 435 3760 pro
453 3686 605 3763 pumirs,
622 3697 652 3741 ut
679 3683 801 3748 Dauos,
828 3699 879 3758 pro
901 3681 1010 3735 Davus.
1044 3672 1149 3752 Vrrgrll

204 3762 283 3822 cult.
304 3761 431 3839 Posterius
444 3779 548 3844 perum
569 3758 666 3837 nasse
682 3779 764 3820 morte
778 3761 919 3839 funerum,
939 3755 1021 3832 lege.
1035 3753 1105 3811 naris
1132 3753 1148 3811 a?

203 3858 297 3910 morte,
312 3840 345 3903 id
361 3840 476 3920 etpost
494 3840 573 3902 natis.
601 3841 722 3900 Ibidem.
749 3845 784 3898 Er
802 3840 872 3918 quod
889 3851 945 3896 erar
960 3833 1051 3891 tardus
1072 3836 1147 3892 omni

205 3916 327 3999 languore
339 3939 454 3989 remote,
466 3924 565 4002 Lege,
576 3921 667 3979 tardus
682 3918 765 3990 somni
777 3919 906 3994 languore
923 3928 1029 3976 remoto.
1056 3911 1147 3978 Platae·
1237 3982 1243 3993 Ι

203 3999 289 4085 llud.
309 4001 510 4117 spinositas
533 3996 751 4087 suessulanus.
770 3997 832 4074 svs?
847 3989 1045 4083 [residium
1058 3990 1147 4156 ¹55&
