2859 4709
501 422 785 497 Sanina
834 418 883 495 V.
1114 420 1186 514 28⁸!

184 548 326 630 Publica
348 548 404 620 lttt
427 548 609 628 hominum,
632 570 809 643 naturaque
833 544 969 618 continet
991 545 1048 616 hoc
1060 540 1140 634 sas,

185 653 234 733 Vr
262 667 367 718 teneat
392 647 510 720 uetitos
533 644 658 731 inscitia
680 644 796 715 debilis
822 644 925 714 alius.

188 745 308 816 Diluit
324 742 543 822 ¹helleborum,
567 762 654 811 certo
675 738 868 835 compescere
887 735 1008 833 qunlio

187 838 330 929 Nescius
353 838 511 924 ettamen?
540 858 630 908 vetat
654 836 712 907 ime
735 858 852 906 natura
875 831 1035 905 medendi.

188 931 367 1029 Navemsi
389 932 497 1028 poscat
517 929 580 1024 sibi
600 931 788 1025 personatus
814 953 926 1001 arator
999 1002 1001 1009 ,

190 1030 340 1122 Luciferi
363 1031 473 1105 rudis,
493 1030 647 1099 exclamet
672 1030 850 1098 Melicerta
871 1024 981 1122 qerise

191 1131 342 1200 Frontem
362 1126 529 1198 derebus.
571 1124 649 1195 Tibi
672 1125 757 1195 rtiio
780 1125 891 1193 viuere
913 1126 979 1192 talo

191 1229 268 1296 Ars
294 1220 400 1303 ledit,
426 1219 468 1295 θ
487 1221 556 1292 ueri
567 1219 707 1314 speciem
730 1220 917 1314 dignoscere
938 1214 1055 1294 calles,

190 1323 250 1394 Ne
275 1343 338 1413 qua
356 1316 521 1404 subaeratc
544 1316 720 1401 mendosum
744 1317 861 1385 tinniat
883 1338 987 1390 auro,

193 1414 338 1509 Quaque
351 1413 518 1509 sequenda
532 1409 727 1502 sorenes&
752 1436 822 1505 quae
843 1408 977 1482 vitanda
995 1405 1144 1500 virqsm,

193 1513 262 1582 Illa
283 1511 376 1606 qrius
399 1532 509 1588 creta,
533 1534 608 1579 mort
632 1510 699 1579 lraec
724 1509 856 1578 carione
880 1502 1000 1599 notasti.

194 1610 243 1679 Es
264 1603 405 1676 modicus
427 1606 515 1695 voti,
535 1605 634 1699 presso
661 1607 749 1683 lare,
772 1603 875 1674 dulcis
897 1604 1028 1683 amicis,

196 1704 276 1777 Iam
297 1725 381 1771 nunc
407 1697 589 1796 astringas,
608 1703 681 1795 jam
702 1724 785 1772 nunc
804 1700 962 1796 granaria
986 1699 1097 1782 latret,

197 1800 305 1890 Inque
325 1797 394 1867 luto
409 1795 515 1886 fixum
540 1795 639 1890 postis
662 1797 882 1882 transcendere
902 1818 1085 1873 nummum,

199 1896 277 1967 Nec
296 1895 390 1988 gluto
405 1893 537 1979 sorbere
552 1893 697 1979 salivam
719 1892 970 1963 Mercurialem:

199 1991 281 2062 Haec
304 2012 374 2059 mea
389 1988 492 2076 sunt,
515 2011 626 2068 teneo,
650 2012 721 2058 cum
742 2011 817 2058 vere
838 1987 986 2064 dixerit,
1010 1981 1069 2080 esta

200 2085 378 2180 Liberque,
402 2109 440 2154 ac
456 2084 589 2180 sapiens
612 2085 831 2160 Praetoribus,
859 2108 896 2154 ac
917 2086 999 2159 Jove
1023 2083 1145 2154 dextro.

199 2182 258 2254 Sin
282 2200 343 2263 tu,
364 2203 432 2252 cum
446 2177 555 2270 sicaris
572 2179 683 2276 nisime
700 2182 800 2278 paula
821 2199 895 2250 ante
910 2177 1054 2270 sarinae,

201 2276 391 2350 Pelliculam
414 2298 549 2347 veterem
571 2279 708 2360 retines,
730 2275 772 2350 (θ’
788 2273 902 2366 srontt
926 2275 1049 2370 politus

202 2369 348 2465 Asturam
373 2372 490 2467 vapido
506 2373 622 2461 servas
635 2372 699 2460 sub
719 2374 847 2468 peliart
870 2373 1021 2466 vulpem,

202 2468 289 2561 Quae
317 2468 463 2540 dederam
478 2470 605 2564 supra,
626 2489 753 2565 repeto,
768 2465 941 2560 funemque
963 2470 1100 2537 reduco:

203 2567 268 2640 Nil
291 2565 351 2634 tibi
374 2565 513 2656 concesit
535 2568 639 2643 ratio,
659 2566 795 2661 digitum
815 2586 935 2641 exere,
961 2581 1101 2656 peccas,

204 2665 247 2733 Et
277 2663 355 2754 quil
377 2682 444 2731 tam
468 2681 602 2755 parvum
626 2661 688 2753 eli?
704 2659 764 2747 sed
786 2659 874 2731 nulla
899 2659 991 2729 thure
1015 2655 1150 2740 litabis,

204 2760 341 2830 Haereat
365 2756 398 2826 in
413 2755 525 2851 stultit
551 2760 658 2831 brevis
685 2780 719 2828 ut
743 2757 906 2842 semuncia
929 2754 1020 2827 reili.

205 2858 289 2927 Haec
315 2852 439 2936 miscere
459 2853 576 2945 nesus,
600 2879 658 2925 nec
681 2879 751 2925 cum
766 2851 812 2945 fis
833 2872 947 2922 taettra
966 2845 1089 2943 soffltr,

206 2952 303 3024 Treis
325 2969 447 3020 tantum
471 2951 516 3022 ad
539 2977 683 3021 numeros
695 2950 805 3044 satyri
827 2970 972 3021 moveare
991 2945 1149 3044 Bathylli.

206 3047 305 3120 Liber
329 3067 408 3136 ego:
436 3050 650 3118 andelaum
674 3049 732 3118 hoc
743 3045 845 3131 sumis
864 3063 913 3114 tot
926 3041 1057 3130 subdite
1079 3035 1196 3114 rebus?

206 3150 265 3215 An
287 3142 446 3213 dominum
469 3146 625 3238 ignoras,
650 3141 706 3237 nis
732 3166 822 3236 quem
848 3139 990 3210 uinlilla
1014 3136 1160 3209 relaxati

206 3241 244 3321 1,
263 3257 366 3331 puer,
389 3236 429 3308 (9⁴
441 3236 586 3334 strigiles
608 3241 746 3334 Crispini
772 3239 815 3308 ai
839 3235 950 3306 balnea
977 3234 1087 3326 deser,

207 3336 247 3409 Si
270 3334 446 3425 increpuit,
469 3334 571 3426 ceffirs
592 3356 752 3429 nugator:
767 3332 936 3417 seruitium
958 3355 1033 3402 acre

208 3431 255 3503 Te
282 3428 365 3498 nihil
396 3429 550 3528 impellit?
574 3455 630 3500 nec
652 3434 814 3524 quicquam
836 3427 1033 3515 extrinsecus
1056 3426 1157 3497 intrat

208 3525 310 3617 Quod
326 3548 439 3596 neruos
461 3523 586 3624 agitet?
602 3527 663 3611 sal
681 3523 712 3618 fi
738 3528 840 3602 intus,
859 3523 900 3598 Θ·
914 3522 948 3594 in
960 3525 1071 3615 jecore
1087 3544 1179 3616 <egra

209 3621 397 3709 Nascuntur
419 3626 582 3698 Domini,
604 3621 657 3716 qui
679 3642 715 3690 tu
739 3618 920 3715 impunitior
942 3619 1034 3700 exis,

208 3723 325 3884 Atquq¹
344 3716 531 3881 hilc,²quem
556 3716 598 3788 ad
611 3715 762 3815 strigiles
773 3714 921 3807 scutica,
947 3713 989 3788 lt
1014 3734 1116 3787 metus
1135 3711 1203 3810 egit

327 3836 372 3882 err
386 3838 434 3884 n.

257 3910 361 3981 Mane
379 3910 474 4002 piger
485 3908 618 4008 slertis,
632 3912 758 4002 surge,
778 3879 882 4003 inquit
900 3899 1063 3989 auaritia,
1081 3906 1132 3978 eia

206 4005 338 4104 Surge:
362 4029 482 4103 negas:
503 4007 616 4102 insint,
626 4011 728 4105 surge
745 4006 870 4100 inquit:
889 4024 954 4077 non
972 4022 1070 4102 quea:
1081 4003 1212 4178 surgqq
