2859 4709
187 442 189 447 .
299 384 369 462 116
477 369 1062 472 Q.›H‚ortnu11F1‚ncnr
1192 436 1194 441 ,
1283 362 1289 381 ”

297 514 339 573 lio
355 509 470 573 cecidit.
500 492 542 587 lli
558 505 641 586 igitur
657 503 783 581 Cathegi
797 501 853 595 ⁹(ut
874 498 1024 576 centenari
1045 515 1095 575 par
1113 492 1175 588 eli).
1190 499 1250 586 noo'

291 592 390 729 {bl}
407 573 1252 749 {⁰222leurs:”uultbullef‘bltl‘,¹:2th

234 750 238 763 ’
300 749 346 810 ut.
367 764 393 810 r.

313 906 317 911 .
380 853 517 932 Mariique
536 868 637 919 truces,
656 843 773 929 nudique
793 847 908 924 Cethegi.
1021 856 1024 865 “

340 956 369 1013 Si
387 959 475 1012 Gruto
490 953 563 1031 fonte
579 955 672 1011 radant
686 950 795 1032 porte.)
836 953 876 1010 Ut
893 947 1045 1015 Rhetorica,
1062 941 1174 1038 musica,
1185 942 1251 1020 plj-

293 1032 367 1114 fira,
388 1036 548 1100 triclinium,
573 1034 630 1090 dicu
651 1031 771 1101 prolite,
787 1027 848 1089 atla
868 1048 920 1107 pro
936 1027 1037 1087 littore.
1069 1028 1143 1085 thc
1169 1026 1251 1086 Mat-

298 1114 369 1174 tialis
390 1113 491 1174 merito
517 1112 603 1188 carpit
628 1109 842 1189 AEmylianum,
861 1110 937 1186 quod
964 1104 1108 1184 Myflillum
1122 1109 1252 1164 ,vocabat

298 1211 350 1269 pro
368 1210 458 1260 coco,
472 1191 535 1266 quia
554 1189 687 1251 videlicet
704 1189 810 1268 legerat
827 1189 902 1273 apud
916 1188 1103 1277 Homerum:⁸
1115 1184 1253 1249 Mortui»

298 1270 427 1409 '15⁸⁹‘ss
451 1294 482 1408 ebt
504 1267 598 1407 alfio,
614 1267 643 1405 ild
666 1265 889 1407 ‘ihesum’
916 1263 953 1328 D*
975 1263 1042 1343 saue
1066 1265 1144 1334 alta,
1169 1280 1253 1342 atque,

296 1369 362 1411 ara.
426 1369 493 1410 era
550 1365 651 1409 arnan
687 1368 723 1407 un
853 1402 857 1411 ,

375 1454 404 1510 Si
423 1451 469 1510 tibi
490 1451 621 1528 Myflillur
643 1470 764 1531 coquus,
784 1449 944 1518 AEmilitrie,
964 1455 1092 1520 uocatur,

415 1533 525 1590 Dicetur
541 1549 622 1611 quare
643 1550 694 1589 nou
718 1533 784 1591 t'ara
804 1531 877 1589 t’alla
897 1532 989 1590 milri?

296 1634 439 1700 l'oll'umus
470 1634 603 1715 (inquit)
637 1632 744 1716 fingere
765 1655 852 1696 uoces
880 1654 1021 1713 nunquam
1046 1632 1194 1702 inventas,
1217 1644 1251 1694 ul

299 1718 404 1777 Cicero
421 1714 522 1792 primus
545 1713 624 1773 finxit
635 1751 643 1781 ,
655 1716 756 1786 lavor,
768 1717 798 1777 &
815 1715 879 1786 alias
894 1716 992 1776 multas
1008 1733 1110 1782 voces,
1127 1731 1157 1775 ut
1170 1716 1251 1774 Gra·

299 1795 388 1857 eisin
415 1793 515 1855 Latino
535 1793 663 1855 sermone
685 1796 872 1872 responderet.
916 1808 1017 1870 ntum
1041 1793 1056 1872 (
1068 1793 1177 1872 inquit)
1198 1808 1249 1872 ap·

298 1876 396 1956 pellant
411 1875 516 1942 Greci,
538 1893 583 1932 uos
605 1875 723 1933 dirime
736 1871 803 1952 June
818 1878 957 1937 Decorum.
998 1876 1033 1933 Et
1051 1873 1104 1934 alia
1124 1893 1185 1951 quta
1202 1873 1250 1933 di·

299 1955 419 2034 ligentur
440 1955 554 2014 adnotat
587 1953 748 2012 Lambinus.
795 1954 830 2012 Et
859 1951 1008 2012 Terentius
1036 1951 1115 2011 finxit
1143 1952 1250 2032 prims

301 2027 470 2113 Obsequium.
507 2029 603 2103 Quin,
624 2033 655 2091 ὃ(
678 2029 733 2109 ipse
757 2031 860 2092 Cicero
877 2052 934 2105 non
954 2049 1012 2092 uno
1031 2031 1060 2091 in
1079 2031 1145 2094 loco
1167 2048 1250 2093 autor

302 2112 364 2178 est,
386 2129 415 2171 ut
431 2114 512 2173 rebus
533 2106 619 2186 nu‘per
635 2109 755 2171 inventis
777 2130 850 2172 nova
868 2111 982 2172 nomina
1002 2113 1159 2172 reddamus.
1188 2110 1249 2173 Sed

302 2192 333 2252 in
355 2192 410 2250 hoc
428 2203 568 2268 praecepto
597 2188 670 2250 male
698 2189 842 2251 intelleilo
864 2189 912 2252 rix
937 2187 992 2250 dici
1016 2188 1126 2269 potest,
1145 2205 1249 2269 quanta

303 2272 486 2348 peruenturi
507 2265 590 2327 nollri
617 2266 699 2329 seculi
729 2270 886 2329 hominibus
909 2270 1084 2347 Theologis,
1105 2268 1250 2338 Medicis,

304 2348 490 2425 Philosophis.
521 2348 587 2407 Nec
605 2346 666 2408 satis
686 2348 934 2427 pollum'admirari
953 2348 1132 2410 dudlillimum
1146 2351 1250 2411 Lodo·?

304 2427 400 2491 vicum
419 2427 543 2511 Vivpm,
563 2426 609 2502 qui
629 2443 685 2486 tarn
707 2429 857 2495 audadler,
875 2445 986 2506 tamque
1006 2446 1103 2505 proter
1119 2448 1248 2506 aequum,

216 2546 220 2565 .
305 2508 339 2569 &
362 2507 489 2573 decens,
508 2519 550 2564 tot
572 2504 681 2565 finxerit
701 2507 839 2568 vocabula
861 2508 889 2566 in
912 2510 960 2567 lua
987 2511 1174 2567 Exerciutione
1192 2510 1250 2567 lin-

303 2606 363 2665 gue
383 2589 491 2648 Latine.
523 2574 609 2643 'Nihil
631 2585 707 2645 enim
729 2607 802 2648 nune
823 2590 896 2647 bene
924 2585 1023 2646 dicitur
1051 2586 1178 2654 Latine,
1199 2585 1250 2647 nifi

307 2682 414 2725 tantum
430 2664 502 2726 illud
521 2665 597 2738 quod
620 2665 648 2722 iu
673 2665 748 2725 libris
771 2665 905 2743 politioris
927 2666 1080 2726 Latinitatis
1096 2665 1248 2731 iuvenitur.

193 2786 196 2791 -
307 2746 383 2804 Dum
402 2746 496 2822 lingua
514 2742 562 2803 illa
580 2745 709 2822 vigebat,
729 2746 831 2805 licebat
847 2743 953 2812 donis,
965 2747 994 2806 &
1007 2745 1098 2819 peritis
1121 2743 1165 2826 (ti
1184 2767 1251 2807 mo·

307 2824 347 2883 do
372 2824 432 2882 usus
453 2823 483 2882 id
509 2822 727 2901 comprobaret)
747 2825 851 2900 aliquas
879 2844 963 2885 voces
988 2824 1139 2892 invenire,
1160 2827 1192 2886 &
1218 2825 1250 2886 in

308 2900 426 2978 vulgum
446 2901 600 2978 propalare.
631 2904 717 2989 ond
733 2905 763 2964 ὅ(
778 2924 849 2964 nunc
868 2903 993 2980 Hispanis
1011 2904 1040 2962 in
1059 2905 1179 2981 Hispana
1194 2904 1249 2964 liu·

306 2999 382 3059 gua,
403 2984 434 3041 &
457 2980 563 3047 Gallis,
583 2983 613 3042 &
638 2981 713 3040 Italis
732 2983 760 3042 in
781 2983 826 3042 sua
844 2982 955 3048 licebit,
975 2981 994 3042 ti
1015 2986 1103 3044 modo
1128 2984 1250 3062 populus

306 3058 398 3120 omnis
419 3058 448 3119 id
471 3064 614 3135 approbet.
647 3062 706 3122 Sed
727 3060 755 3121 in
775 3062 1010 3140 linguiskGraeca,
1032 3066 1169 3131 Hebraea,
1188 3067 1251 3124 La·

306 3138 362 3199 tina
384 3138 469 3218 (qua
490 3142 545 3213 'pam
574 3139 602 3197 in
631 3139 679 3199 usu
700 3139 825 3215 populari
848 3140 1010 3218 nonium,
1037 3142 1084 3202 sed
1110 3162 1146 3204 ert
1170 3143 1252 3204 libris

306 3233 412 3279 tanturn
429 3219 580 3296 eruenda)
603 3219 716 3278 minime
735 3221 800 3281 licet
816 3220 902 3282 verba
922 3219 1047 3300 lingere,
1067 3240 1119 3281 nec
1140 3222 1251 3283 Latinae

307 3296 408 3374 linguae
434 3296 580 3373 quiequam
601 3300 722 3382 addere,
749 3301 825 3376 quod
843 3318 879 3359 ex
899 3299 977 3358 libris
998 3300 1163 3361 Latinorum
1190 3322 1252 3365 non

307 3375 444 3437 fulciatur.
479 3376 582 3435 Poteris
603 3394 694 3438 tamen
718 3398 781 3437 curn
803 3378 895 3454 aliqua
916 3377 1075 3455 praefatione
1095 3380 1189 3459 aliqua
1207 3380 1251 3440 iu·

306 3456 416 3517 serere:
437 3471 467 3514 ut
488 3453 563 3514 Galli
587 3459 782 3516 Parlamentum
803 3472 924 3524 vocant,
943 3462 1018 3533 quod
1042 3457 1142 3522 Latine
1166 3466 1251 3520 Serra·

305 3551 378 3672 ιπένης
398 3532 588 3597 {irrotantur
607 3535 694 3615 vulgo
716 3539 880 3601 cardinales.
911 3535 958 3598 sic
974 3539 1037 3599 Itali
1055 3557 1158 3603 vocaut
1176 3546 1252 3604 dart,

330 3636 397 3674 eras.
417 3631 475 3674 oret.

346 3697 454 3751 Dixeris
471 3693 604 3772 egregie.)
647 3695 801 3775 Diligenter
818 3696 863 3757 hic
874 3697 1025 3760 Lambinus
1040 3699 1078 3761 de
1092 3697 1186 3760 verbis
1199 3707 1253 3763 noi

306 3773 396 3839 uatis,
419 3775 449 3832 &
471 3772 621 3846 coniunilis
639 3776 754 3850 disputat
773 3797 807 3838 ex
828 3778 987 3841 Cicerone,
1006 3780 1038 3839 ὅ(
1068 3779 1175 3843 somnia
1194 3792 1252 3842 roi

306 3868 350 3909 cat
371 3852 488 3911 aliorum
508 3851 761 3926 interpretationes:
778 3856 845 3915 mihi
869 3877 939 3919 vero
962 3878 1014 3919 nec
1026 3859 1175 3928 Lambini,
1196 3878 1253 3921 nec

306 3930 424 3987 aliorum
443 3934 532 4009 placet
550 3933 745 4017 interpretatio.
778 3939 878 4012 Longe
897 3938 952 3999 alia
973 3939 1081 3997 lloratii
1102 3957 1178 3999 mens
1199 3938 1253 4000 ens

304 4007 371 4072 Nec
397 4011 530 4074 enim-de
550 4012 599 4075 illa
626 4013 825 4093 compofitione
845 4016 966 4096 loquitur
991 4016 1144 4088 Horatius,
1160 4038 1251 4157 guam
1271 4090 1273 4095 ,

605 4122 608 4127 ·
1189 4116 1252 4165 am:
