2859 4709
414 455 847 563 innuantur.
1059 474 1145 556 not

196 575 265 651 uitr
299 577 379 650 alter
399 581 601 653 Menelaus:
631 586 747 655 tertius
777 581 986 658 Alexander,
1010 584 1066 677 qui
1092 583 1130 661 dt

197 676 239 749 is:
263 675 338 770 post
355 678 535 749 Alexandri
557 699 699 751 mortem
722 679 792 773 ejus
812 677 912 748 frater
932 678 1132 772 Deiphobus

200 792 264 866 ¹ater
291 775 448 846 bellicam.
467 778 623 846 virtutem
648 776 735 847 illam
758 778 849 848 dono
870 775 1015 868 accepit:
1034 777 1135 870 quin*

220 870 397 953 Achilles,
429 873 486 967 qui
512 892 586 944 ante
614 871 837 969 Deiphobum
862 873 1018 946 insomnis
1041 875 1132 948 illam

204 988 259 1043 alt.
586 1026 592 1041 ,
793 1032 795 1037 .

205 1069 313 1159 2148.
340 1069 510 1147 Thalamis
529 1064 759 1165 enllstuuit.)
787 1063 980 1141 Aristoteles
1006 1069 1040 1139 in
1061 1071 1155 1167 pri··

207 1167 243 1236 de
267 1161 395 1260 hssotio
416 1168 546 1241 animal.
561 1192 597 1239 c.
612 1187 666 1243 11.
686 1169 824 1259 loquens
838 1167 885 1236 ‘de
903 1165 981 1236 naso
1003 1165 1045 1236 stc
1066 1169 1135 1244 ait:

209 1268 423 1336 nutam'rntum
455 1287 578 1361 quoque
613 1264 723 1336 eodem
756 1265 866 1358 agitur
896 1284 1021 1358 porte,
1047 1264 1134 1359 qu‘od

210 1383 230 1437 ts
251 1357 537 1456 uniuerss'etuptio
563 1357 626 1453 esi,
641 1359 964 1458 fignumougurale,
978 1360 1018 1438 (θ’
1034 1387 1133 1436 tntum

211 1456 361 1553 [oirituum
395 1461 535 1528 omnium
564 1461 737 1553 generibus
753 1456 901 1545 fraudium
928 1459 968 1534 (θ’
990 1460 1133 1547 socrum.

212 1581 238 1625 n.
255 1576 310 1646 33.
332 1553 492 1640 sellium,
506 1555 699 1647 problemate
709 1575 742 1646 7.
772 1551 912 1643 disputat
933 1555 1133 1647 quareller·

213 1653 256 1720 tio
275 1651 487 1742 pronomine
509 1651 687 1723 habeatur?
703 1652 947 1743 respondetque
972 1655 1133 1744 quoniam

214 1752 281 1840 pite
306 1748 394 1832 exit,
418 1746 476 1821 ubi
504 1747 549 1827 cll
569 1749 672 1820 ratio:
695 1767 752 1823 aut
776 1750 855 1841 quia
873 1749 984 1818 caeteri
1006 1749 1134 1841 spiritus

215 1845 437 1930 nhrmitatibus
467 1850 694 1940 generantur,
724 1845 778 1914 hic
804 1869 872 1915 non
898 1844 990 1916 item.
1032 1847 1135 1922 Idem

216 1946 326 2015 loteles
351 1943 458 2025 eddon
486 1942 568 2018 Seu.
591 1942 681 2037 prob.
693 1950 746 2035 9.‘
761 1942 894 2037 longius
917 1941 995 2018 haec·
1014 1946 1133 2021 eadem

218 2041 360 2136 equitur,
376 2041 520 2133 dicitque
545 2039 671 2113 sacrum
691 2038 806 2114 haberi
829 2060 946 2132 caput,
969 2045 1046 2114 ideo
1071 2041 1135 2134 spi·
1201 2112 1203 2117 ,

235 2137 275 2210 ab
304 2167 345 2212 eo
369 2141 554 2231 procedens
580 2138 667 2210 lacer
692 2139 775 2209 item
804 2134 861 2216 est.
888 2139 977 2212 vide*
994 2141 1134 2227 locum,

221 2237 342 2329 ophon.
371 2238 469 2328 lib-3.
504 2233 697 2326 Annbnsedn
715 2231 857 2307 maximi
881 2232 945 2306 hoc
971 2237 1133 2310 declaratr

227 2336 324 2407 verba
350 2333 466 2407 Latinb
493 2333 647 2404 recitabo.
689 2337 772 2408 Haer
793 2357 865 2403 cum
884 2329 1034 2427 diremit,
1061 2336 1133 2430 qui·

224 2429 370 2524 sternuit.
417 2428 605 2523 Militesquc
629 2431 793 2502 audientes
811 2426 911 2522 ssmili
933 2457 1040 2508 omnes
1066 2437 1132 2502 im-

228 2533 335 2600 Deum
362 2529 588 2602 odoraverunt.
628 2530 671 2598 Et
684 2561 687 2567 ·
700 2527 875 2624 Xenophon
898 2527 1008 2598 dixit:
1038 2530 1151 2600 Mihi-

226 2651 270 2704 ut,
297 2623 318 2702 ὃ
346 2629 441 2719 viti,¹
458 2627 609 2721 quoniam
632 2625 722 2695 nobis
747 2629 787 2695 de
799 2624 855 2712 sul
891 2625 1132 2717 eloquentibus
1195 2680 1197 2684 Α

230 2723 412 2806 servatoris
435 2725 606 2817 augurium
627 2723 767 2793 oblatum
791 2718 849 2815 est,
896 2719 948 2794 uic
962 2723 1035 2792 Deo
1048 2724 1131 2819 sup-

228 2819 313 2890 rdum
340 2817 428 2911 effe,
462 2843 498 2890 ut
519 2819 644 2908 scilicet
680 2821 808 2892 Soterici
835 2815 1047 2902 consectemus
1074 2821 1131 2892 udi

229 2943 264 2985 rm
296 2922 431 2987 amicum
460 2918 620 3011 regionem
652 2913 913 3011 contigerimus,
937 2913 979 2990 (Ψ
1005 2919 1131 2990 carretis

230 3033 291 3109 pro
302 3013 474 3103 focultnte
489 3038 555 3085 tem
579 3013 724 3085 divinum
740 3011 915 3102 faciamus.
952 3014 1032 3094 'Jatn
1052 3013 1129 3086 hinc

231 3116 336 3180 'unde
361 3109 493 3197 traxerit
526 3109 693 3201 originem
723 3107 833 3180 noller
856 3132 946 3180 mos
963 3110 1129 3201 aperiendi

252 3205 502 3278 sternuentibus.
552 3208 617 3275 Sed
647 3227 715 3276 non
743 3207 800 3298 qui
830 3204 994 3287 sternuit,
1029 3205 1130 3278 debet

251 3305 398 3395 aperire,
424 3301 478 3373 sed
503 3303 671 3375 audientes
692 3301 780 3396 quast
799 3299 927 3374 b'onum
950 3306 1131 3395 augurium

235 3419 336 3471 entes.
368 3401 456 3483 Haec
476 3401 610 3491 quidem
631 3396 677 3468 est
690 3414 777 3472 ¹vera
798 3401 907 3494 origo.
948 3401 1015 3470 Sed
1030 3398 1131 3483 Chri,-

241 3497 296 3590 qui
319 3522 386 3569 non
409 3516 576 3589 captamus
600 3497 758 3590 auguria,
777 3493 973 3573 retinuimus
991 3497 1129 3590 quidem

234 3617 280 3672 n,
306 3592 360 3665 sed
382 3619 450 3668 non
481 3595 603 3681 eodem
631 3591 723 3668 fine,
756 3588 827 3662 imb
851 3591 937 3663 bene
961 3613 1129 3686 precantes

235 3691 251 3759 i
274 3689 463 3768 llernueritt
486 3690 589 3764 duero
614 3689 800 3780 principio,
818 3705 854 3759 ut
878 3686 1026 3776 aiunt‚=¹a
1049 3715 1130 3781 qua·

236 3784 338 3876 pelle,
360 3813 434 3882 qua
449 3789 580 3874 Romaex
596 3783 730 3881 grallata
754 3784 823 3867 est,
847 3785 909 3858 ubi
923 3785 1129 3861 exhalabant

238 3908 270 3954 m
295 3909 372 3956 cum
395 3882 605 3960 oscitatione,
624 3903 679 3957 aut
699 3881 976 3971 sternutament03
1000 3886 1088 3957 unde
1108 3882 1128 3955 ia

239 4006 259 4052 0
288 3979 449 4052 Pontifice
481 3977 627 4063 concella
655 3981 701 4052 ell
731 3981 793 4053 illis
822 3983 979 4078 quadarn
1005 3983 1148 4076 gainas

236 4079 459 4168 nuntiantibus
476 4079 548 4172 Dei
573 4079 718 4169 nomine
742 4077 915 4173 ruerent.
946 4076 1204 4222 &innormen3

1138 4183 1195 4253 “P
