2859 4709
319 460 328 471 ·
446 449 949 542 ruNuutttcta.
1035 439 1039 446 ’
1134 474 1206 552 407

196 577 245 647 Ut
276 589 389 649 autem
417 566 551 672 gallum
578 580 708 651 sumere
736 579 881 671 aliquem
908 580 974 674 jam
1000 601 1087 652 nunc
1109 584 1207 677 vigi·

197 674 317 744 liarum
340 674 523 750 nostrarum
552 677 669 768 pollis,
695 700 737 746 en
764 682 889 749 Pnerna
912 678 971 748 tibi
998 677 1102 748 multa
1130 679 1209 750 lima

199 773 417 850 cruciatum,
473 777 543 844 uod
570 772 747 854 historiam,
769 778 916 845 continet
953 797 1104 847 nmmum
1138 772 1209 846 ferd

199 887 326 940 vatum.
365 799 484 942 sende
508 871 634 942 mittam
657 873 914 942 commentarios
940 871 1051 960 paullo
1077 868 1150 958 post
1173 871 1210 942 itt

197 965 234 1032 id
257 987 341 1054 opus
367 965 625 1059 copinstllimns,
646 969 679 1039 in
704 969 824 1060 quibus
852 968 1008 1059 quicquid
1027 968 1073 1048 ‚de
1100 969 1185 1036 varia
1194 1009 1210 1044 ‚

196 1062 443 1154 multiplicique
465 1064 607 1134 tertione
627 1067 858 1146 condidimus,
881 1062 1110 1154 explicabitur.
1154 1064 1208 1134 Ac

199 1155 285 1253 (nili
302 1181 360 1230 me
379 1159 581 1233 dulciffimus
604 1186 699 1233 amor
724 1161 859 1248 suscepti
881 1161 1000 1232 laboris
1018 1159 1120 1250 fillit)
1137 1177 1209 1229 tatt-

197 1272 248 1326 tas
274 1279 316 1328 ert
340 1253 408 1326 ltnc
430 1256 542 1328 libello
568 1259 658 1330 velut
684 1256 703 1330 ὲ
732 1257 882 1330 thesauro
907 1257 1034 1328 divitias
1060 1253 1211 1346 profere-

199 1374 299 1430 mus,
321 1371 359 1424 ut
383 1370 503 1449 magna
531 1377 574 1424 ex
602 1376 694 1446 parte
721 1353 870 1428 studinsae
899 1353 1081 1446 juventutis
1098 1348 1211 1444 ¹‘quc--

198 1445 278 1519 dam
309 1449 413 1532 veluti
440 1451 551 1542 inopia
580 1453 768 1525 relevetur:
794 1475 831 1520 ac
857 1468 927 1523 tum
955 1451 1096 1540 denique
1124 1466 1209 1542 puto

201 1545 310 1640 quivis
333 1547 514 1640 intelliget,
533 1571 631 1641 quam
655 1550 768 1622 multis
789 1547 846 1618 illa
865 1546 947 1618 milti
970 1545 1209 1641 lucubrationi·

199 1644 264 1714 bus
280 1641 506 1721 constiterint.
548 1646 668 1736 Quare*
691 1671 733 1716 tre
759 1640 868 1740 quaeso
898 1662 1049 1715 numeret
1079 1642 1207 1737 Angeli

200 1737 359 1810 Politiani
383 1746 524 1811 carmina
551 1742 676 1819 ledlnr,
700 1744 756 1814 sed
783 1742 954 1832 ponderet.

170 1841 173 1845 ’
302 1838 395 1909 Silva
419 1840 521 1932 quid,
546 1839 587 1913 (7
613 1843 652 1910 de
676 1840 856 1912 Nutriciis.

200 1930 292 2002 Silva
322 1934 439 2004 dicitur
472 1933 489 2005 i
518 1933 675 2015 filando,
703 1940 790 2007 unde
822 1930 983 2005 Horatius
1006 1954 1074 2006 non
1104 1929 1206 2004 semel

185 2027 395 2101 trifillabntn
423 2033 625 2115 enuntiavit,
655 2030 679 2102 st
712 2033 747 2102 lu
769 2055 809 2100 ω.
848 2030 975 2121 Virgll.
1001 2048 1036 2120 4.
1073 2029 1211 2102 AEtteid.¹

202 2123 314 2216 Quum
340 2147 425 2199 tacet
448 2129 552 2199 omnis
578 2153 678 2223 ager,
707 2127 841 2224 pecudes
860 2127 1020 2221 piilaeqtte
1049 2128 1207 2197 volucres.

203 2222 247 2293 Et
274 2221 382 2305 infra,
400 2221 465 2312 sub
491 2222 720 2316 nolle'filettti.
764 2225 869 2304 Silva,
896 2221 1049 2302 Nemus,
1075 2219 1112 2294 ὅ(
1144 2218 1208 2292 sal·

202 2337 258 2391 tus
280 2317 463 2399 differunt.
516 2321 556 2390 In
590 2321 667 2393 silva
693 2321 764 2392 sunt
796 2321 931 2392 arbores
961 2317 1028 2389 slve
1059 2322 1208 2394 neone,

200 2415 271 2489 stve
309 2417 474 2490 incaeduae.
501 2486 505 2493 ,
531 2419 629 2494 silva
657 2423 770 2489 caedua
811 2415 858 2488 ell
894 2417 1035 2508 (inquit
1070 2414 1208 2504 Caius)

202 2541 278 2608 que
308 2516 341 2583 in
374 2513 438 2586 hoc
469 2512 643 2594 habetur,
682 2535 720 2586 ut
757 2518 909 2585 caedatur.
959 2514 1093 2583 Servius
1132 2535 1207 2582 cam

195 2611 269 2682 elle
301 2611 434 2692 aiebat,
466 2635 539 2702 quae
573 2611 693 2682 succisa
729 2609 839 2701 rurlus
872 2633 914 2678 ex
948 2607 1125 2696 stirpibus,
1153 2626 1209 2679 aut

203 2709 369 2799 radicibus
397 2708 566 2777 enalcitur.
608 2709 647 2779 L.
677 2710 781 2780 Silvo.
798 2727 852 2798 30.
882 2709 926 2776 D.
953 2706 993 2775 de
1017 2703 1108 2786 verb,
1122 2703 1209 2800 figet.

176 2850 180 2856 ·
204 2804 311 2876 Saltus
331 2803 378 2873 est
401 2802 459 2876 ubi
485 2802 572 2874 stlvae
592 2804 627 2880 &
648 2805 808 2894 pastiones
833 2801 910 2874 sunt.
954 2801 1086 2870 Nemus
1108 2804 1209 2872 etiam

206 2899 224 2972 it
259 2899 429 2991 pastione,
460 2900 513 2999 vel
546 2901 705 2989 pascendo
731 2897 1044 2976 dictumoraecis,
1080 2895 1135 2969 led
1162 2897 1210 2969 est
1256 2950 1259 2955 -

207 2997 314 3092 magis
350 2998 443 3072 locus
481 2997 660 3088 voluptatis
698 2996 791 3067 caula
826 3016 978 3086 paratus,
1014 2994 1079 3066 ltve
1116 3016 1211 3077 arte,

206 3093 273 3165 five
300 3111 412 3164 natura
442 3092 574 3164 conflet.
617 3096 713 3166 Silvae
740 3090 848 3163 rursus
877 3115 936 3181 per
964 3093 1210 3161 translationem

206 3193 363 3260 dicuutur
393 3191 465 3267 illa,
488 3194 569 3281 'quae
595 3210 821 3284 congeruntur
851 3189 886 3261 dt
911 3204 1145 3276 comparantur
1169 3189 1211 3258 ad

207 3290 479 3378 componendum
503 3286 646 3370 librum,
662 3285 715 3355 vel
739 3286 932 3355 orationem.
971 3282 1086 3374 Cic.3.
1113 3286 1209 3355 Orat.

206 3385 351 3455 Primum
367 3379 453 3474 filvn
473 3408 598 3463 rerum,
620 3411 658 3456 nc
669 3383 902 3469 sententiarum
925 3383 1142 3478 comparanda
1159 3374 1211 3472 est.

206 3481 273 3552 Sed
303 3483 498 3562 crediderim
531 3482 642 3570 potius
678 3481 876 3549 Politianuttt
910 3475 1063 3546 silvarum
1092 3477 1212 3546 inleri-

207 3578 321 3669 ptinne
349 3578 570 3655 deleclatum,
603 3576 645 3645 eti
678 3575 770 3666 quod
791 3576 825 3643 in
852 3569 936 3642 stlvis
963 3570 1146 3664 scripserit,
1174 3570 1212 3647 δί

205 3677 239 3744 in
268 3674 391 3746 secreto
420 3684 568 3744 nemore.
613 3672 705 3743 Nam
731 3675 762 3740 in
793 3666 954 3740 Fesulann
982 3692 1146 3751 nemore,
1173 3685 1211 3739 ut

205 3771 240 3839 in
256 3772 320 3842 fine
339 3772 453 3863 prima:
477 3770 563 3840 stlvae
585 3770 725 3850 fatetur,
751 3766 870 3838 sedem.
887 3762 1036 3838 habebat.
1080 3764 1123 3835 Iu
1141 3764 1209 3839 fine

207 3867 334 3939 Rullici
361 3866 404 3938 stc
433 3868 643 3941 modulatur:
1024 3922 1027 3929 .
1186 3936 1197 3947 ,

169 3972 176 3984 ’
231 3967 354 4044 ,Tulin
379 3966 520 4055 Faesuleo
545 3966 652 4036 lentus
676 3959 852 4033 meditabar
881 3955 915 4025 itt
940 3977 1060 4040 antro,
1146 4014 1155 4033 ,

256 4065 349 4137 Rure
365 4061 553 4153 suburbano
577 4061 768 4230 Medicam.-
793 4081 857 4152 qua
877 4066 969 4130 mons
982 4053 1078 4145 sacti
1100 4054 1211 4224 Zion
1239 4027 1242 4033 ¹

735 4175 802 4248 c4
1050 4240 1053 4245 ,
1145 4177 1210 4228 eo·

1218 4346 1277 4392 *A
