2859 4709
246 454 319 534 570
401 380 1056 519 ‚son'nonrrmann

243 558 421 652 aliquando
445 559 597 635 creditae,
621 552 785 649 didlaeque
807 578 1032 638 concurrere,
1052 551 1090 624 ὅ(
1106 552 1249 650 Cyanee

204 688 207 693 ·
242 677 436 740 vocantur,
466 655 501 728 δι
525 653 776 748 Symplegades.
825 652 867 723 In
892 649 1102 744 Propontide
1128 664 1250 725 tantum

242 753 450 826 Proconesus
481 749 656 823 habitatur.
706 750 809 821 Extra
844 747 1106 841 Hellespontum
1137 774 1251 822 earum

244 873 319 942 quae
335 848 483 921 Asiaticis
503 847 697 945 regionibus
711 846 881 937 adjacent,
895 847 1078 919 clarissima
1092 842 1163 936 sunt
1181 849 1252 921 Te·

243 948 351 1018 nedos
376 947 494 1042 Sigeis
512 945 644 1018 adversa
666 944 852 1026 littoribus,
876 946 913 1020 dr
930 968 1001 1038 quo
1023 943 1169 1017 dicentur
1193 968 1252 1016 or·

243 1045 320 1114 dme
334 1089 346 1128 ,
361 1046 403 1117 ad
426 1045 695 1137 promontorium
711 1041 818 1114 Tauri
838 1043 965 1114 montis
980 1038 1136 1134 exposta
1149 1085 1162 1123 ‚
1174 1066 1253 1135 quas

243 1140 379 1234 quidam
401 1142 467 1212 dici
488 1159 649 1231 putavere
670 1138 859 1222 Macaron,
883 1135 953 1210 five
981 1139 1075 1234 quod
1096 1139 1251 1211 fortunati

243 1240 425 1308 admodum
445 1238 515 1310 caeli
533 1234 658 1327 solique
679 1232 770 1315 sunt,
790 1231 859 1307 five
880 1237 976 1326 quo‘d
1000 1261 1055 1309 eas
1080 1234 1254 1317 luo‚,suo·

240 1357 383 1427 rumque
407 1358 515 1428 regno
539 1334 656 1405 Macar
679 1351 910 1424 occupaverat.
951 1333 993 1404 ln
1008 1332 1151 1409 Troade
1174 1332 1273 1406 Les-2

241 1427 326 1511 bos,
347 1434 381 1503 dr
396 1429 427 1500 in
451 1453 488 1501 ea
512 1431 660 1522 quinque
684 1429 767 1501 olim
794 1430 915 1521 oppida
940 1427 1092 1511 Antissa,
1112 1431 1251 1527 Pyrrha,

240 1523 396 1604 Erellos,
420 1528 567 1607 Cirava,
590 1526 768 1622 Mitylene.
811 1528 852 1597 In
880 1526 977 1597 Ionia
995 1527 1129 1608 Chios,
1145 1529 1180 1605 ὃ(
1197 1529 1251 1600 Sa-

239 1646 324 1694 mos.
364 1624 407 1694 In
428 1624 552 1701 Caria,
577 1623 660 1696 Cos.
699 1623 741 1697 In
767 1625 890 1718 Lycia,
916 1622 1076 1697 Rhodos.
1127 1626 1168 1696 In
1194 1626 1250 1696 illis

203 1769 207 1793 .
240 1719 377 1814 singula
395 1721 467 1793 sunt
491 1718 605 1791 iisdem
625 1720 816 1793 nominibus
833 1721 946 1793 urbes.
983 1723 1029 1792 In
1048 1721 1180 1794 Rhodo
1194 1740 1249 1795 tres

241 1820 411 1910 quondam
439 1834 562 1898 erant,
590 1816 750 1895 Lindos,
781 1818 956 1897 Caminos,
980 1818 1146 1915 Ialysos:
1172 1822 1247 1911 Qua

240 1936 355 1987 contra
374 1915 484 1988 Tauri
499 1915 772 2006 promontorium
797 1914 997 2009 importunae
1023 1917 1246 2012 navigantibus

178 2062 182 2067 -
239 2010 422 2106 objacent,
455 2011 666 2084 Chelidoniae
694 2014 920 2086 nominantur.
972 2011 1014 2082 ln
1050 2011 1126 2086 finu
1159 2036 1246 2108 quern

198 2118 203 2145 ¹
238 2113 427 2181 maximum
447 2105 523 2178 Asta
542 2109 660 2200 recipit
678 2106 1068 2204 propemedioCyprus
1086 2115 1246 2182 adortum

238 2207 461 2299 occasumque
484 2201 515 2276 se
541 2205 747 2288 immittens,
770 2209 861 2278 redlo
887 2205 971 2301 jugo
995 2209 1084 2278 inter
1104 2207 1247 2282 Ciliciam

236 2303 403 2396 Sirial'que
420 2301 604 2394 porrigitur
619 2304 757 2396 ingens,
775 2322 811 2374 ut
834 2327 907 2396 quae
932 2303 1115 2394 aliquando
1135 2329 1247 2378 novem

235 2423 340 2493 regna
363 2397 510 2488 ceperit,
533 2398 569 2472 δ(
594 2422 682 2469 nunc
710 2399 836 2490 aliquot
861 2399 961 2474 urbes
984 2400 1089 2484 ferar,
1118 2425 1248 2498 quarum

236 2498 421 2568 clarr'ffimae
449 2495 613 2576 Salamis,
643 2492 682 2567 ὅ(
710 2498 842 2590 Paphos
870 2496 906 2570 ὃ(
937 2521 1004 2588 quo
1036 2502 1188 2591 primum
1212 2522 1248 2571 ex

234 2588 320 2665 inari
346 2591 522 2666 Venerem
546 2590 707 2686 egressam
741 2593 864 2666 accola
888 2591 1083 2690 affirmant,
1111 2598 1252 2689 Palaepa·

184 2692 187 2697 ’
232 2692 338 2783 phos.
371 2692 503 2764 Arados
527 2696 627 2760 etiam
652 2690 685 2761 in
710 2691 874 2763 Phoenica
892 2690 938 2771 ell
959 2716 1079 2784 parva,
1094 2692 1133 2768 δε
1148 2720 1251 2788 quan*

232 2805 306 2859 tum
323 2807 413 2880 paret
431 2806 499 2859 tota
516 2787 702 2877 oppidum,
725 2780 880 2879 frequens
902 2807 1037 2870 tamen,
1059 2793 1137 2883 quia
1157 2790 1253 2862 etdm
1291 2824 1295 2835 ·

227 2882 333 2975 ‚super
358 2888 462 2958 aliena
483 2885 572 2955 sebia
592 2880 704 2954 sedem
727 2908 853 2976 ponere
875 2884 974 2957 lices:
1000 2886 1156 2979 parva&
1180 2891 1254 2960 Ca·
1293 2960 1295 2983 ζ

232 3005 365 3074 nopos,
393 2982 466 3051 Nili
493 2980 601 3062 ostio,
622 2983 714 3073 quod
738 2982 954 3073 Canopicum
977 3000 1119 3064 vocant,
1152 2983 1255 3057 obvia

230 3078 296 3151 est.
330 3079 482 3152 Menelai
506 3076 717 3173 gubernator
734 3079 895 3154 Canobus
917 3080 966 3152 ibi
980 3082 1061 3153 sorte
1079 3079 1253 3162 moriens,

191 3210 194 3217 ¹
230 3199 363 3247 nomen
389 3174 529 3252 insula,
548 3177 606 3248 illa
631 3173 717 3257 ollio
746 3176 846 3250 dedit.
889 3176 1015 3268 Bharos
1042 3178 1253 3253 Alexandria

229 3295 325 3345 nunc
345 3291 447 3364 ponte
472 3271 719 3368 conjungitur,
733 3275 815 3350 olim
840 3293 877 3347 ut
894 3271 1090 3348 Homerico
1112 3281 1249 3351 carmine

226 3373 403 3463 proditum
432 3367 479 3441 est
497 3413 509 3450 ,
530 3371 571 3442 ab
603 3367 733 3442 eisdem
757 3372 825 3445 oris
850 3368 945 3445 cursu
973 3371 1042 3443 diei
1070 3375 1176 3448 totius
1205 3372 1249 3448 ab·

227 3469 347 3538 dosia:
370 3466 407 3542 oc
431 3467 454 3539 sr
475 3466 521 3540 ita
545 3490 597 3538 res
617 3465 707 3549 fnit,
730 3466 836 3541 videri
860 3465 969 3563 potest
992 3470 1247 3562 conjediantibus

225 3562 415 3637 intantum
441 3582 579 3637 mutata
604 3561 715 3636 causas
738 3564 861 3639 Nilum
886 3562 1091 3656 prebuisse,
1119 3572 1202 3646 dum
1221 3570 1249 3638 li·

224 3685 325 3736 mum
358 3660 529 3738 subinde,
560 3659 597 3737 &
629 3661 797 3754 praecipub
835 3685 915 3736 cum
946 3667 1138 3739 exundaret
1164 3662 1250 3739 littori

223 3763 396 3838 abediens,
424 3777 526 3854 auget
552 3777 684 3836 terras,
706 3757 921 3853 {pariumque
945 3762 1206 3857 augescentium
1223 3765 1248 3830 in

222 3859 332 3930 vicina
365 3859 448 3929 vada
484 3871 680 3947 promovet.
721 3860 764 3930 In
796 3855 910 3930 Africa
946 3879 1065 3934 contra
1093 3866 1249 3959 majorem

217 3957 351 4058 Syrtim
374 3953 590 4052 Cuteletosa
606 3969 725 4026 contra
745 3956 883 4026 minoris
906 3965 1150 4047 promontoria
1173 3963 1251 4033 Me·

208 4063 300 4136 ninx
328 4058 370 4137 dc
394 4057 603 4151 Cercinnat-
629 4068 750 4123 eontra
768 4048 1144 4147 Carinaqqnnstnem„
1162 4055 1250 4203 Tap·
1291 4076 1295 4129 5

292 4184 296 4191 .
1088 4190 1091 4195 -
1195 4166 1214 4203 K
1232 4165 1273 4204 bf&
