2859 4709
268 473 328 529 nr
349 404 462 531 arr'u
485 458 648 531 Ouarr'.
685 455 759 531 rib.
774 460 803 529 1.
826 459 937 550 0133
1046 464 1137 554 '541-

205 583 389 674 aquidem,
413 603 492 657 runc
514 582 640 683 ingepri
660 581 743 653 urbe
764 577 923 655 celebris,
940 573 1023 648 Illos
1043 577 1126 668 fuit,

207 702 243 749 ac
265 703 301 749 re
323 676 408 752 finus
426 679 542 751 Ifficus
560 679 689 751 dicitur.
729 677 851 750 Procul
869 674 947 747 inde
969 676 1128 746 Amauoi·

211 777 479 867 promontorium
503 776 591 846 inrer
614 778 795 872 Pyramum
818 775 1044 869 Cydnumque
1063 771 1128 843 flu-

223 872 318 966 jacet.
368 874 528 972 Pyramus
563 868 629 943 Illo
665 874 804 964 propior
831 869 962 942 Mallon
993 886 1127 959 praerer·

212 1024 214 1035 ‚
254 971 395 1066 Cydnus
415 971 498 1042 ultra
521 993 579 1061 per
605 967 749 1040 Tarsum
776 970 855 1040 exit.
893 965 1029 1036 Deinde
1049 962 1128 1038 urba

213 1064 284 1137 alim
308 1067 326 1137 a
352 1067 517 1147 Rhodiis,
543 1065 761 1160 Argivisque,
783 1061 856 1157 poll
879 1062 993 1135 Pitaris
1018 1063 1129 1131 Pom·

229 1161 406 1256 affignante
430 1159 592 1257 possessa,
618 1158 710 1234 nunc
746 1157 1021 1250 Pompeiopolis,
1048 1174 1128 1229 tunc

215 1268 233 1329 ε’.
267 1259 365 1339 Juxta
396 1261 430 1331 in
453 1283 557 1352 parvo
583 1258 714 1332 tumulo
737 1258 841 1329 *Arati
864 1275 974 1348 poetae
998 1277 1129 1343 monu-

216 1378 301 1434 um,
324 1357 400 1429 ideo
422 1355 658 1432 referendum,
682 1354 759 1447 quia
785 1354 938 1446 ignorum
960 1376 1059 1446 quam
1080 1351 1129 1424 ob

217 1474 255 1523 rm
284 1451 366 1547 jacla
390 1455 424 1521 iu
453 1451 486 1520 id
511 1448 583 1520 saxa
605 1449 768 1523 dissiliunt.
815 1449 899 1520 Non
923 1451 1025 1545 longe
1049 1446 1128 1522 hiuc

218 1564 284 1620 scos
310 1547 495 1638 oppidum,
524 1567 643 1635 portu,
667 1544 798 1639 saloque
827 1544 1034 1640 incingitur,
1065 1570 1128 1618 an-

218 1670 226 1712 r
240 1663 375 1734 tergore
389 1642 570 1713 continenti
587 1645 765 1715 adnexum.
805 1639 911 1732 supr'a
926 1641 1037 1733 specus
1057 1640 1128 1722 est,

219 1743 265 1811 Lne
281 1738 470 1834 Corycius,
497 1735 650 1833 singulari
673 1734 831 1833 ingenio,
853 1761 891 1807 ac
909 1735 1003 1838 supra
1027 1735 1129 1828 qu'am

219 1833 332 1906 escribi
366 1836 462 1912 facile
492 1835 588 1927 pollit
620 1833 773 1908 eximius.
822 1835 950 1910 Grandi
986 1857 1129 1929 namque

220 1949 381 2024 parem,
405 1951 558 2004 montem
583 1930 682 2003 lirror'i
702 1927 916 2026 appositum,
945 1930 982 2004 &
1008 1931 1129 2002 decem
1218 2003 1220 2008 ,

221 2051 307 2102 >rum
319 2030 419 2104 vclivo
438 2028 512 2101 saris
531 2031 695 2109 arduum,
713 2041 758 2101 e'x
773 2025 906 2099 summo
925 2023 1031 2098 slatim
1052 2020 1130 2098 ires·
1159 2074 1174 2096 ,

222 2127 328 2218 aperit.
364 2127 466 2199 Tunc
490 2120 553 2220 alte
579 2123 753 2207 demissus,
774 2123 811 2198 ὅ(
826 2142 986 2216 quantum
1007 2123 1129 2195 demit·

230 2223 392 2313 amplior,
415 2222 501 2295 viret
523 2221 604 2297 lucis
618 2219 817 2314 pubentibus
833 2219 1001 2313 undique,
1019 2219 1055 2293 ὅ(
1071 2238 1128 2292 to·

224 2319 257 2389 se
281 2319 463 2408 nemoroso·
484 2318 625 2417 laterum
652 2316 735 2390 orbe
758 2317 1012 2410 compledlirur:
1041 2317 1128 2390 adeo

229 2439 305 2498 cus,
330 2441 368 2489 ac
382 2416 539 2508 pulcher,
559 2433 596 2487 ut
618 2431 746 2506 mentes
769 2414 1129 2505 accedentium-primo

226 2515 260 2586 lu
281 2513 484 2584 consternat:
516 2511 576 2584 ubi
602 2511 816 2602 contemplari
841 2514 1031 2591 duravere,
1058 2533 1127 2582 uon

260 2610 365 2694 ,unus
380 2611 414 2680 in
436 2631 514 2681 eum
534 2606 702 2681 descensus
729 2605 797 2688 est,
823 2603 998 2700 angustus,
1014 2603 1127 2697 asper,

228 2722 386 2797 purorum
412 2703 449 2780 u
478 2707 568 2777 mille
594 2704 768 2796 passuum,
796 2728 854 2797 pet
877 2725 1017 2779 amenas
1041 2722 1126 2774 um-

255 2801 292 2875 &
321 2826 423 2894 opaca
453 2798 560 2892 splvae*
580 2805 737 2895 quiddam
764 2798 891 2898 agreste
916 2796 1127 2880 resonantis,

229 2896 303 2970 binc
326 2916 425 2994 arque
448 2897 535 2969 illinc
557 2895 767 2974 fluitantibus.
808 2896 878 2970 Ubi
899 2899 942 2972 ad
960 2896 1032 2970 ima.
1046 2921 1131 2989 per-

230 3019 265 3067 m
289 2994 354 3078 ell,
378 2992 488 3067 rursus
509 2993 622 3087 specus
643 2996 724 3083 alter
740 2995 904 3084 aperitur,
921 2993 966 3066 ob
989 2995 1049 3066 alia
1071 2995 1126 3064 di-

230 3114 261 3163 rs.
298 3089 661 3185 Terreringredienres
676 3089 783 3169 sonitu
799 3089 1054 3187 cymbalorum,
1075 3092 1128 3173 di·

232 3209 247 3257 s
270 3185 306 3261 δι
328 3210 453 3281 magno
479 3189 612 3283 fragore
634 3185 871 3279 crepitantium.
912 3187 1046 3258 Deinde
1061 3188 1123 3258 ali·

231 3282 271 3354 liu
307 3281 495 3376 perspicuus
516 3306 645 3380 ,mox
679 3282 716 3358 ll<
751 3308 838 3376 quo.
858 3286 966 3378 magia
984 3283 1125 3357 'subitur

230 3380 316 3462 rior,
330 3383 418 3451 ducit
438 3380 531 3453 ausos
544 3381 690 3472 penitus,
708 3381 838 3474 alteque
860 3378 948 3473 quali
966 3381 1121 3461 cuniculo

232 3476 277 3548 rir.
319 3477 375 3549 Ibi
404 3476 519 3572 ingens
547 3477 651 3549 amnis
675 3478 801 3571 ingemi
830 3476 924 3548 fonte
948 3475 979 3547 se
1012 3480 1121 3554 extol-

244 3578 476 3659 tantummodo¹
502 3572 535 3646 se
558 3574 716 3658 oslendit,
742 3571 853 3649 &ubi
876 3595 1037 3668 magnum
1058 3574 1125 3659 im,

231 3674 243 3739 i
259 3671 355 3759 br'evi
380 3672 477 3743 alveo
501 3670 595 3743 rra'xit
607 3668 760 3754 ,iterum
778 3666 968 3745 ,demersus'
984 3667 1123 3742 abscon·

241 3762 357 3840 ·Intr'a
382 3766 522 3859 spatium
548 3762 629 3849 est,
645 3769 754 3862 magis¹
778 3764 884 3861 quam
900 3781 936 3836 ut
961 3770 1125 3863 progredi

234 3887 287 3935 arn
307 3862 387 3939 ausrt
409 3862 585 3963 horribile,
599 3863 635 3938 ὅ(
650 3863 727 3935 ideo
748 3863 969 3958 incognitum.
1007 3860 1127 3949 Totus'

235 3980 241 4029 ;
265 3961 421 4057 augustus
448 3958 583 4038 &vere
602 3959 709 4046 sacer,
735 3958 940 4054 habitarique
962 3958 1149 4058 adila&

232 4058 302 4140 r&
324 4059 479 4139 creditur.
520 4057 631 4139 Nihil·
647 4086 721 4145 nou
743 4059 976 4147 uenerabile,
993 4057 1043 4138 bc
1059 4056 1166 4155 quala
1191 4161 1194 4164 Δ

552 4206 555 4213 .
1097 4169 1196 4224 tum
