2859 4709
239 457 313 533 274
507 437 984 513 Aou1qus11

240 560 368 655 Aspexi
376 603 388 642 ‚
407 556 449 634 θ
468 561 600 633 nucibus
612 559 756 652 facimus
781 587 982 660 quacumque
1001 559 1124 636 reliiiis
1135 569 1155 644 ,Ψ

240 660 321 730 Cum
335 659 482 750 sapimus
505 679 663 751 patruos,
681 680 777 738 tunc,
797 681 896 741 tunc,
912 658 1089 754 ignoscite.-
1113 655 1203 753 uolo?

241 754 338 846 Quid
355 746 500 845 faciatis?
515 754 578 842 scd
593 756 667 841 sum
682 755 843 852 petulanti
857 756 971 852 splene
994 756 1163 827 caehinno.

291 851 465 924 Scribimus
489 849 620 944 indust,
642 876 791 929 numeros
815 855 891 931 itte,
914 853 965 923 hic
987 852 1069 949 pede
1094 851 1177 921 liber

242 948 374 1020 Grande
390 948 535 1043 aliquid,
550 947 760 1042 *quod‘pulmo
776 950 893 1021 animae
909 950 1094 1045 praelargus
1112 944 1249 1018 anhelet.

243 1047 376 1118 Scilicet
398 1045 467 1114 haec
482 1047 621 1139 populo,
639 1043 823 1139 pexusque,
847 1067 987 1140 togaque
1005 1046 1153 1124 recenti,

244 1143 291 1212 Et
314 1141 463 1210 natalitia
487 1145 614 1212 tandem
636 1164 707 1210 tum
727 1139 927 1240 sardonyche
952 1139 1064 1222 albus,

244 1235 330 1309 Sede
352 1238 438 1331 leget
464 1236 570 1322 celsa,
593 1236 715 1331 liquido
740 1260 810 1307 curn
828 1237 985 1330 plasmate
1006 1257 1125 1332 guttur

245 1332 375 1402 Mobile
399 1331 570 1410 calluerit,
592 1333 740 1428 patranti
749 1328 879 1420 srallus
902 1334 1023 1405 ocello:
1157 1374 1165 1390 ι

245 1429 313 1500 Hic
339 1451 439 1521 neque
461 1453 549 1500 more
574 1432 674 1523 probo
699 1432 831 1509 uideas,
852 1454 954 1526 neque
973 1452 1051 1500 uoce
1063 1428 1185 1516 serena

245 1526 401 1619 Ingentes
425 1528 586 1619 trepidare
605 1527 720 1607 Titos,
747 1552 818 1599 curn
839 1530 982 1599 carmina
1001 1527 1140 1596 lumbum

247 1624 396 1696 intrant,
421 1619 462 1694 (t
485 1622 622 1694 tremulo
638 1622 832 1718 scalpuntur
858 1622 913 1694 ubi
935 1622 1046 1694 intima
1072 1618 1182 1708 versu.

247 1715 334 1790 Tun’
362 1716 467 1787 vetule
490 1719 646 1789 auriculis
671 1719 788 1790 alienis
812 1720 939 1815 colligis
964 1716 1072 1807 escas?

248 1814 441 1887 Auriculi52
466 1814 577 1905 quibus
598 1813 639 1888 (t
660 1813 753 1886 dicas
777 1836 846 1888 cute
869 1814 1032 1911 perditus,
1053 1813 1135 1894 ahc,
1289 1872 1292 1884 .

248 1909 344 2002 Quid
363 1908 526 2002 didictffi,
540 1908 597 2006 nifi
615 1911 673 1982 hoc
689 1910 903 2003 fermentum,
917 1909 959 1986 (7
970 1933 1039 2006 quat
1050 1907 1154 1995 semel
1170 1909 1255 1980 intus

248 2010 378 2079 tartara.
393 2003 458 2097 esi,
482 2028 576 2103 rupto
595 2009 706 2100 jecore
730 2008 845 2102 exierit
865 2003 1057 2102 caprificus?
1153 2096 1155 2101 Ι

250 2107 304 2176 En
322 2100 430 2198 pallor
444 2101 659 2198 seniumque!
681 2129 701 2174 o
724 2129 850 2181 mores,
875 2105 969 2196 usque
995 2103 1114 2173 adeone

250 2200 347 2274 Scire
370 2217 459 2268 tuum
482 2199 564 2270 nihil
589 2195 652 2292 esi,
680 2197 741 2292 uifi
765 2223 798 2272 te
814 2199 901 2286 scite
929 2202 987 2270 hoc
1003 2200 1091 2286 sciat
1114 2192 1220 2265 alterl

251 2303 304 2368 At
327 2293 473 2383 pulcrum
499 2292 565 2386 ssi,
590 2295 696 2390 digito
721 2292 889 2389 monstrari
914 2296 955 2371 (θ’
984 2298 1096 2374 dicier,
1119 2288 1174 2360 hic
1198 2285 1256 2360 est.

252 2390 335 2467 Tcn’
363 2390 553 2461 cirratorum
581 2412 705 2464 ctutum
728 2391 849 2463 diblata
863 2389 961 2482 fuisse

252 2495 322 2567 Pro
345 2485 447 2556 nihilo
469 2488 610 2583 pendas?
646 2489 728 2563 Ecce
746 2490 829 2558 inter
848 2489 967 2583 pocula
987 2507 1130 2582 quarunt

254 2583 439 2660 Romulida
455 2583 585 2672 saturi,
611 2584 688 2677 quid
710 2584 766 2655 dia
787 2585 938 2680 poi'mata
956 2605 1101 2654 narrent.

255 2686 322 2758 Hic
345 2681 483 2775 aliquis,
499 2683 550 2752 cui
570 2683 687 2754 circum
702 2681 849 2752 humeros
874 2680 1083 2778 hyacinthina
1098 2679 1184 2750 lana
1198 2669 1261 2769 tsls

252 2779 471 2852 ¹Rancidulum
494 2777 646 2869 quiddam
666 2776 758 2848 balba
786 2781 827 2849 de
851 2802 928 2847 nare
954 2777 1080 2848 locutus

255 2873 450 2968 Phyllidas,
475 2873 693 2972 Hypsipyles,
717 2896 827 2945 vatum
852 2871 892 2946 θ
908 2873 1069 2966 plorabile
1080 2867 1111 2964 fi
1139 2866 1220 2965 quid

257 2975 411 3064 Eliquat‚
433 2969 474 3045 (θ’
497 2991 606 3042 tenero
622 2971 816 3065 supplantat
840 2969 938 3041 verba
952 2970 1085 3065 palato.

258 3064 427 3160 Affi’nsere
447 3068 533 3138 uiri:
560 3093 644 3139 nunc
665 3090 728 3136 non
754 3067 835 3138 cinis
858 3067 915 3137 ilie
934 3068 1041 3161 poitae
1188 3100 1190 3102 ·

258 3158 375 3238 Felix?
402 3188 487 3233 nunc
512 3165 618 3235 levior
648 3167 758 3258 cippus
776 3165 847 3233 ¹non
868 3163 1023 3258 imprimit
1049 3153 1141 3251 ossa?

240 3282 243 3288 '
262 3263 413 3334 Laudant
433 3262 598 3343 conuiuae,
622 3282 706 3330 nuno
725 3251 827 3328 noni
852 3260 997 3330 manibus
1020 3259 1112 3337 illis,
1184 3286 1190 3305 ι’

261 3360 362 3432 Nunc
385 3356 487 3426 noni
512 3359 634 3427 tumulo
650 3353 884 3450 fortunataque
901 3353 1049 3446 fauilla,

262 3451 445 3537 Nascantur
473 3450 592 3524 viola?
617 3452 725 3532 rides,
749 3452 816 3532 ait,
837 3450 878 3525 (ἲ
904 3451 997 3522 nimis
1020 3451 1114 3522 uncis

242 3549 411 3625 Naribus
430 3547 619 3644 indulgeri·
636 3575 678 3618 an
700 3550 762 3620 erit
787 3548 843 3642 qui
864 3550 948 3618 uelle
968 3548 1090 3635 recuset

266 3649 317 3721 Os
335 3648 447 3739 populi
473 3642 633 3739 meruisse,
658 3643 699 3718 (θ’
722 3647 816 3717 cedro
836 3642 939 3740 digna
964 3646 1090 3716 locutus

266 3744 456 3834 Linquere,
479 3767 536 3814 nec
550 3741 714 3830 scombros
734 3746 909 3810 metuentia
932 3741 1091 3825 carmina,
1108 3764 1168 3813 nec
1191 3734 1264 3811 tus!

222 3895 226 3904 ,
268 3837 425 3934 Quisquis
447 3863 501 3911 cs:
523 3866 543 3910 o
568 3842 661 3910 modo
683 3860 773 3929 quem
795 3860 837 3905 eu
861 3837 994 3924 adverso
1016 3834 1123 3910 dicere
1138 3835 1234 3930 sesi,

270 3936 352 4004 Nou
377 3959 459 4030 ego,
484 3961 555 4008 tum
571 3934 698 4025 scribo,
716 3929 855 4023 fisorte
877 3938 955 4027 quid
978 3933 1086 4025 aptius
1108 3935 1201 4016 escit,

271 4025 442 4119 (Quando
458 4032 526 4108 haec
540 4055 619 4110 rara
636 4030 711 4104 auis
734 4025 795 4123 esl)
807 4024 840 4122 fi
853 4028 1171 4129 quidtamen'aptius
1180 4029 1274 4202 quie,

415 4180 417 4183 ,
1214 4149 1277 4198 au·
