2859 4709
213 419 287 496 340
423 399 565 470 Aac.
616 384 1019 468 possessus

284 519 389 600 Sele,
408 540 467 616 per
488 519 617 611 obsesos
631 518 733 606 semet
756 520 885 589 tandem
906 520 1007 611 egerit
1029 522 1145 602 artus,

286 621 386 710 Inque
399 618 478 704 suas
503 618 641 687 bumana
665 620 726 688 ciet
747 611 934 713 praecondio
952 634 1076 686 cantus.

215 734 286 809 170
294 716 373 787 Non
393 713 468 783 iilos
485 736 613 809 cycnaea
635 714 748 790 Male,
770 735 835 783 non
854 707 992 782 Daebaia
1013 709 1147 780 chordis

199 866 203 875 .
285 813 377 906 Apta
392 807 499 897 siles,
522 833 584 878 non
606 833 677 902 quae
699 808 821 905 duplici
840 807 969 901 geniale
988 806 1145 893 resultant

259 904 400 977 'Neela
425 905 523 975 citata
545 928 641 974 manu
654 948 664 993 ·,
690 929 752 975 non
778 903 888 973 vincat
913 903 1039 975 dulcior
1061 903 1118 972 iiie
1229 957 1231 961 ,

285 1002 399 1073 flatus
422 999 595 1093 inaequales
622 1000 735 1095 digitis
754 999 960 1095 pulsantibus
983 999 1120 1092 implens

286 1094 462 1191 Compreffo
482 1097 521 1168 de
540 1093 623 1183 solie
648 1097 767 1178 tubas,
787 1096 863 1187 pius
887 1095 1003 1165 aemula
1028 1114 1142 1164 cantra

215 1193 404 1288 175Jubiia
428 1192 478 1262 eui
500 1188 642 1278 reserant
665 1193 798 1267 chorus,
820 1190 1012 1285 alternisque
1029 1188 1190 1280 iacessunt.

287 1285 457 1384 Agnoscat
476 1282 616 1382 properi
641 1313 775 1366 numen,
787 1285 926 1382 suspirat
951 1285 1066 1358 artltela

241 1460 247 1470 ,
287 1383 445 1457 Grandiar
467 1407 521 1452 ore
536 1383 657 1468 scmus,
678 1384 872 1477 quantusque
888 1383 1071 1479 impleverit
1088 1400 1213 1450 antrum

287 1480 485 1558 Pleiadas,
502 1501 558 1548 aut
572 1498 680 1572 rupem
690 1479 883 1559 Euboicam,
896 1505 953 1550 nec
965 1476 1112 1548 Martius
1125 1478 1213 1546 illum
1232 1476 1235 1481 ’

285 1572 477 1664 Terrificum
498 1577 648 1669 clangens
671 1576 766 1647 rauci
790 1599 888 1646 canor
908 1577 985 1646 aeris
1007 1572 1191 1650 obumbret,

216 1674 370 1748 180Ncc
391 1672 528 1741 tonitrus
543 1670 662 1753 Iovis,
681 1691 736 1741 aut
754 1672 970 1765 petulantibus
984 1672 1087 1741 incita
1095 1667 1214 1764 flabris

288 1766 387 1861 Osaeo
412 1767 522 1863 pineta
539 1767 646 1861 jugo,
672 1769 790 1838 Nilive
817 1771 938 1840 ruentis
1158 1851 1162 1859 Ι

287 1864 479 1952 Exsurtlans
504 1862 612 1949 vicino¹
626 1859 771 1958 stagor:
794 1859 1015 1958 mirantur&
1037 1857 1098 1956 ipfi

283 1963 377 2055 Scope
395 1960 485 2055 (quis
499 1956 557 2028 hoc
573 1959 733 2051 creciaci)
750 1982 820 2052 quoe
835 1979 1069 2052 nupercumque
1088 1977 1214 2054 recepto
1244 2042 1248 2048 ‚

285 2057 448 2138 Numine,
470 2055 604 2151 legitimi
628 2051 767 2126 eecinbre
786 2057 917 2129 oracula
934 2072 1046 2125 vates:

217 2155 285 2247 185
298 2152 502 2245 Colligatquc
527 2151 651 2222 animus
668 2148 772 2243 uifis,
795 2176 852 2222 nec
877 2149 1006 2222 vindice
1027 2148 1145 2244 lingua

286 2244 473 2335 Desenclune
485 2245 547 2330 sua
566 2245 650 2315 billa
663 2242 747 2336 fibi,
762 2243 922 2340 poslqucim
943 2244 998 2317 iile
1020 2247 1146 2337 quievit

285 2343 448 2437 Spiritus,
471 2340 512 2414 lt
528 2339 622 2433 preffi
644 2343 744 2412 tacuit
757 2342 852 2428 sacer
871 2347 1006 2439 impetus
1026 2342 1105 2414 oris.

285 2438 418 2531 Ipsaque
439 2436 583 2510 Niliacis
606 2438 738 2532 longbm
760 2438 910 2510 mandata
928 2438 1060 2534 papyris

287 2535 440 2606 Carmina
464 2531 615 2607 Pltcebeas
635 2533 747 2605 uideas
764 2533 1034 2625 afflare-sutores,

217 2633 339 2727 190Et
360 2630 427 2701 coeli
440 2631 571 2725 spirare
584 2625 716 2726 sillem,¹
731 2632 809 2724 quin
823 2631 940 2719 sanilo
965 2631 1124 2726 legentem

289 2727 482 2797 Concutiunt
504 2725 601 2819 parili
622 2725 746 2795 turbam
769 2729 919 2821 contagia
939 2748 1045 2807 motu,

288 2825 401 2915 Deque
423 2822 496 2891 aliis
519 2821 622 2901 alios,
644 2822 728 2892 idem
745 2822 939 2917 proseminat
963 2825 1063 2893 artior

289 2917 439 3010 Pellaeis
457 2914 605 3010 insiinllu
625 2937 739 2988 vates.-
763 2943 818 2990 ceu
834 2917 963 3010 serreus
988 2919 1065 2989 olim

284 3011 439 3083 Annulus
461 3037 581 3084 arcano
605 3011 694 3106 quim
715 3013 750 3084 ui
764 3010 945 3109 ‘Magnesia
967 3034 1075 3085 cautes

215 3103 486 3203 squuslulerie,
511 3111 638 3204 longam
664 3132 749 3183 nexu
767 3112 924 3205 pendente
946 3113 1092 3181 corenam
1168 3166 1171 3170 .

285 3205 456 3299 Implicat,
479 3203 520 3280 (θ’
548 3205 641 3275 caecr's
661 3206 744 3275 inter
760 3206 798 3293 se
822 3207 953 3293 conserit
972 3207 1085 3276 lramis.

286 3301 369 3372 Inde
383 3298 498 3386 sacros
517 3299 675 3396 musarum
698 3326 806 3373 amnes
832 3302 1002 3374 Heliconia
1024 3302 1145 3395 Tempe

284 3394 456 3482 Multisoni
477 3399 637 3469 celebrant
658 3398 821 3486 numerosa
838 3421 972 3496 gutture
996 3400 1115 3491 cygni,

284 3494 398 3566 Prima
421 3517 527 3564 tamen
550 3494 667 3583 dubias¹
676 3490 835 3582 fuderunt
861 3494 1002 3569 carmina
1019 3495 1141 3578 sortes.

212 3609 286 3668 200
294 3588 424 3683 Quippe
443 3591 537 3660 etiam
555 3584 629 3660 anti
647 3590 762 3662 Jovem
770 3593 864 3689 sagis
885 3585 1033 3682 instinllo
1053 3587 1193 3676 resolvit

287 3690 359 3759 Ora
374 3682 464 3771 sonis
483 3688 628 3768 Nereus,
649 3685 780 3759 Nereus
801 3713 890 3782 quem
931 3683 1012 3773 risco
1029 3689 1189 3759 marinum

282 3783 399 3855 Diiiat
412 3779 506 3871 sama
521 3781 650 3869 senem,
675 3801 771 3877 tuque
794 3782 813 3854 ὸ
837 3707 975 3872 causbelte
997 3782 1214 3868 Prometlteu,

282 3877 353 3967 Qui
376 3898 499 3949 tenuem
521 3878 650 3970 liquidis
670 3875 778 3974 ignem
792 3877 926 3968 serratus
946 3877 987 3948 ab
1012 3874 1108 3971 osiris

273 3976 460 4065 ‚Mirantem
471 3969 600 4073 frustrti
621 3978 792 4074 Satyrum,
815 3997 1001 4074 captumque
1025 3974 1141 4051 decoro

1137 4076 1208 4151 Lu·
