2859 4709
269 462 341 561 526
461 461 1079 570 Pompeiumne·

561 657 599 742 C
630 657 672 741 A
702 657 734 740 P
763 659 873 744 UT
932 663 969 744 1.-

397 821 542 906 Mundi
573 824 612 905 r‘n
642 848 807 938 quotuor
830 848 962 940 parrer
989 826 1135 944 divsso.

357 991 442 1065 Mne
479 993 589 1087 igitur,
607 989 694 1075 hoc,
726 991 942 1085 quicquidid
972 989 1044 1068 eti,
1063 994 1114 1064 cui
1140 984 1258 1072 mundi

377 1089 520 1182 coelique
542 1113 663 1161 nomen
686 1091 886 1171 indidimus,
918 1114 1025 1163 unum
1057 1089 1100 1159 est
1123 1090 1160 1164 &
1191 1120 1257 1167 uno

260 1183 388 1258 ambitu
412 1186 443 1256 se
469 1188 652 1280 cunctaque
684 1184 901 1276 ampiediitur.
954 1183 1107 1258 Partibus
1141 1187 1258 1266 differt.

259 1280 357 1351 Unde
381 1279 427 1351 soi
451 1283 583 1361 oritur,
606 1284 719 1366 oriens,
734 1301 965 1372 nuncupatur,
982 1301 1037 1354 aut
1063 1304 1174 1354 ortus:
1194 1288 1257 1379 qud
1283 1334 1286 1341 ·

258 1380 488 1474 demergitur,
502 1381 656 1453 occidens
679 1379 731 1452 vel
751 1377 905 1453 occasus:
921 1377 984 1472 qui
1004 1381 1177 1462 decurrit,
1191 1408 1256 1456 tne-¹

255 1472 374 1545 ridies:
402 1476 442 1544 ab
468 1475 602 1548 adversa
630 1497 749 1569 parte,
776 1475 961 1568 septentrio.
1002 1475 1124 1569 Hujus
1151 1485 1256 1554 medio

255 1586 340 1643 terra
366 1572 513 1647 sublimis
540 1574 683 1668 cingitur
706 1575 854 1667 undique
879 1573 982 1650 mari,
1006 1577 1200 1667 eodemque
1224 1580 1253 1648 in

255 1667 325 1738 duo
351 1670 470 1753 latera,
496 1693 569 1766 quae
592 1669 817 1761 hemisphaeria
842 1672 1082 1748 nominantur,
1112 1670 1155 1741 ab
1186 1676 1251 1745 ori·

255 1781 331 1835 ente
353 1767 451 1840 divisa
476 1774 515 1841 ad
541 1767 712 1847 occasum,
738 1759 844 1838 Zonis
864 1768 1009 1860 quinque
1035 1767 1250 1860 distinguitur.-

252 1857 406 1937 Mediam
432 1863 525 1938 aesius
549 1866 696 1942 infestat,
718 1863 822 1961 frigus
843 1865 981 1935 ultimas.
1026 1862 1185 1958 Reliquae
1201 1867 1251 1940 iu-

252 1955 424 2038 bieures,
444 1966 533 2054 paria
554 1984 654 2061 agunt
680 1963 755 2032 anni
775 1983 945 2053 tempora,
969 1982 1089 2037 verum
1113 1987 1183 2042 nott
1198 1990 1250 2065 pa.

251 2054 340 2130 riter.
381 2059 623 2133 Antichthones
646 2060 802 2142 aiteram,
822 2077 883 2129 nos
905 2057 1042 2130 aiteram
1066 2058 1250 2145 umente,

250 2150 345 2227 lilius
370 2155 429 2229 sttu
446 2155 490 2228 ob
506 2161 658 2229 ardorem
678 2154 907 2229 intercedentis
930 2155 1037 2250 pinge
1060 2154 1115 2243 ipe
1186 2153 1192 2166 '
1246 2154 1249 2161 ’

249 2247 348 2340 hujus
374 2254 529 2325 dicendus
552 2252 607 2324 eti
648 2250 737 2325 Haec
760 2276 842 2351 ergo
868 2248 1007 2325 abortu
1025 2166 1250 2343 pium

249 2347 424 2420 occasum:
451 2350 486 2425 dt
513 2352 588 2441 quia
623 2349 664 2421 stc
689 2348 774 2440 jacet
801 2349 964 2443 aliquanto
994 2350 1097 2441 quim
1124 2346 1188 2422 ub'r
1205 2348 1249 2423 iar'

249 2441 363 2517 riffima
388 2444 464 2527 est,
491 2446 651 2543 longior,
676 2443 817 2517 ambitur
844 2444 951 2516 omnis
979 2445 1147 2528 Oceano,
1175 2474 1242 2543 qua-

246 2554 390 2635 tuorqoe
414 2567 455 2615 ex
477 2568 520 2616 eo
538 2545 640 2621 maria
662 2544 788 2637 recipit.
830 2542 944 2613 Unum
967 2539 984 2612 ir
1008 2539 1245 2633 septentrione,

247 2632 265 2706 it
288 2641 427 2714 meridie
452 2643 543 2725 dun,
570 2660 722 2734 quartum
748 2638 791 2710 ab
815 2635 942 2710 occasu.
988 2637 1064 2724 Suis
1087 2641 1172 2714 ioris
1192 2643 1243 2713 itti

245 2736 438 2810 referentur.
478 2738 559 2811 Hoc
579 2740 723 2828 primum
748 2735 923 2831 angustum
943 2758 1003 2805 nec
1023 2736 1170 2829 amptius
1190 2742 1241 2810 de·

245 2852 319 2902 cem
346 2836 489 2908 miiiibus
517 2836 663 2929 passuum
689 2847 828 2952 patens,
861 2850 963 2902 tetras
993 2834 1118 2926 aperit,
1146 2854 1244 2929 atque·

245 2926 349 2999 intrat.
393 2932 488 3006 Tum
523 2933 624 3027 iunge
654 2932 784 3023 iateque
810 2926 994 3009 diffusum,
1018 2926 1122 3095 abipit
1156 2928 1245 3004 vasti
1284 2942 1285 2951 ’

243 3027 392 3099 cedentia
413 3030 546 3112 iitrota,
566 3029 747 3125 iisdemque
768 3050 812 3111 ex
837 3022 967 3097 diverso
991 3047 1070 3123 prop
1117 3048 1238 3100 coenn-
1280 3076 1282 3083 -

241 3121 351 3204 tibus,
373 3116 456 3198 adei)
480 3124 513 3196 in
536 3108 662 3198 ardirim
685 3124 812 3221 agitttt,
834 3142 871 3193 ut
897 3123 1009 3195 minus
1031 3118 1123 3194 miiie
1148 3124 1236 3215 passv
1278 3126 1281 3173 .·

242 3215 304 3290 bus
329 3239 444 3309 pateat.
489 3222 573 3293 Inde
598 3220 629 3294 se
654 3220 787 3301 rursus,
815 3218 869 3290 sed
895 3214 1030 3294 modice
1046 3221 1237 3293 'admodum
1275 3258 1285 3311 -Ν

240 3312 346 3390 laxat:
368 3320 540 3413 rursusque
559 3321 658 3391 etiam
684 3342 783 3411 quam
800 3317 862 3387 suit
883 3314 1002 3398 arctius
1027 3312 1163 3389 exit'in.
1176 3315 1233 3409 spt-
1278 3332 1280 3337 '

238 3412 332 3485 tium.
361 3418 444 3511 Quo
462 3440 539 3493 cum
560 3416 606 3488 est
622 3434 816 3509 acceptum,
832 3415 949 3517 ingens
970 3406 1094 3489 iterum
1111 3404 1232 3511 magne·

237 3511 350 3603 paludi
371 3518 554 3606 (caretum
576 3514 702 3608 exiguo
725 3510 804 3605 ore)
821 3501 1052 3605 coniungitur.¹
1075 3510 1127 3583 'Id
1145 3514 1233 3584 omne

209 3677 211 3681 ,
237 3632 336 3700 quam
361 3613 475 3694 venit,
501 3632 629 3706 quaque
657 3606 880 3702 dispergitur,
900 3630 968 3676 uno
990 3606 1163 3680 vocabulo
1182 3630 1232 3678 no·

235 3700 337 3777 sirum
352 3731 443 3781 mare
459 3710 587 3781 dicitur.
624 3704 827 3799 Angustias,
846 3705 1231 3796 irttroitutttque‘ve'nien·¹

233 3803 293 3889 tis,
318 3827 377 3875 nos
396 3805 539 3889 fretum,
565 3803 676 3879 Graeci
697 3818 823 3894 troppo
849 3801 1021 3892 appellant.
1064 3801 1147 3892 Qu'a
1177 3798 1231 3870 dis·
1283 3880 1285 3887 Ι

230 3902 411 3984 funditur,
437 3905 499 3976 aiia
523 3903 591 3974 aliis
618 3900 698 3969 iocis
724 3897 926 3994 cognomina
960 3916 1120 3988 acceptat.
1172 3894 1229 3969 Ubi

219 4004 383 4107 primum
412 4004 446 4080 se
471 4002 618 4078 coariiat
632 3993 875 4081 Heiieipontue
897 4016 1032 4064 sineatur
1056 3994 1230 4085 Propontis

216 4113 285 4190 irbi
313 4105 508 4205 expandit:
532 4098 598 4174 ubi
617 4099 745 4166 'uerum
761 4085 1084 4175 preiirtsstuae'iun
1094 4088 1266 4233 uotiua-W
