2859 4709
420 381 1008 496 hanonnntonna.
1146 412 1219 491 247

212 519 310 596 uitus
329 525 526 625 applicuisset
550 528 803 620 (Anaxarchus)
827 524 1075 620 comprehensum
1093 526 1127 597 in
1146 550 1220 596 con-

216 643 332 692 cavam
356 626 480 720 pilam,
497 625 557 713 seu
585 626 774 699 mortarium
807 623 1057 709 (Nicocreon)
1090 622 1221 710 injecit,

213 716 363 812 suffitqtte
377 720 501 813 setteis
518 724 652 794 malleis
675 722 774 795 cadi:
801 722 890 791 illum
909 735 1009 812 poeuae
1023 719 1094 805 suae
1114 718 1221 812 negli-

214 834 346 908 gentem
368 817 489 889 celebre
512 817 549 889 id
572 819 690 891 dilium
715 812 922 914 ingeminasse.
966 814 1107 890 Tunde,
1126 812 1222 887 tunde

217 913 416 987 Anaxarchi
441 911 624 1000 vasculum,
650 941 725 988 nam
738 912 972 988 Anaxarchum
996 912 1079 981 nihil
1099 911 1187 980 teris.

263 1025 355 1098 217.
379 1010 535 1085 Salmacis
556 1033 650 1105 utque
671 1010 838 1105 patrem.)
872 1007 962 1083 Alii,
984 1028 1079 1101 utque
1100 1027 1223 1100 patrem

222 1099 423 1189 Psamathes.
446 1107 500 1177 Ita
519 1107 640 1202 legitur
653 1107 825 1177 iuhldinis
837 1103 1018 1174 codicibus.
1043 1106 1120 1175 Nec
1133 1102 1224 1173 aliter

222 1197 292 1292 legi
316 1200 433 1273 debet:
460 1225 538 1273 nam
560 1221 701 1296 quatuor
729 1202 800 1272 haec
825 1201 965 1270 carmina
999 1223 1042 1268 ex
1072 1223 1137 1268 una
1163 1222 1225 1267 ea·

226 1295 372 1389 demque
386 1294 519 1370 &storin
535 1302 688 1391 pendent.
719 1294 886 1370 Pausanias
902 1297 936 1387 in
951 1297 1077 1366 Atticis
1093 1293 1135 1365 stc
1150 1291 1226 1363 scri-

224 1387 300 1460 bite
324 1395 497 1490 Regnante
515 1397 622 1492 Argis
644 1397 807 1488 Crotopo,
828 1394 896 1485 ejus
908 1389 1014 1482 sliam
1033 1392 1227 1480 Psamathen

223 1489 382 1573 tradunt,
402 1509 535 1585 puerum
557 1517 648 1587 quern
673 1517 715 1564 etr
728 1491 884 1584 Apolline
900 1508 1092 1584 pepererat,
1108 1510 1143 1559 ut
1159 1507 1226 1580 pa·

224 1602 330 1664 ιηπι,
353 1580 375 1654 d
398 1609 458 1680 quo
479 1582 536 1677 sili
554 1590 727 1684 plurimum
747 1583 922 1664 metuebat,
950 1587 1091 1662 celaret,
1120 1605 1228 1679 expo·

217 1675 333 1770 suiffe.
369 1678 534 1775 Quumque
563 1685 612 1754 ita
635 1681 809 1776 accidisset,
832 1701 868 1752 ut
892 1675 914 1749 d
941 1683 1071 1776 Crotopi
1095 1685 1228 1753 canibus

226 1775 355 1868 pecoris
370 1773 545 1872 custodibus
556 1778 799 1860 dilaceraretur,
809 1778 995 1870 Apollinem
1011 1780 1113 1850 diram
1129 1788 1229 1872 quart-

227 1867 307 1941 dam
332 1871 467 1945 belluam
496 1875 663 1970 immisse,
694 1888 886 1946 nosNHN
918 1872 975 1970 ipfi
1002 1873 1231 1970 appellarunt,

198 2004 201 2011 ⁴
228 1991 301 2064 qua
325 1964 342 2038 i
368 1991 506 2041 matrum
528 1973 663 2066 gremiis
692 1971 830 2064 insontes
858 1971 1026 2062 rapiebat:
1061 1965 1231 2061 monslrum

229 2087 308 2138 vero
332 2065 416 2137 illud
436 2068 599 2140 Coruinum
625 2071 829 2164 Argivorum
854 2064 1072 2153 misericordia
1104 2063 1233 2135 dttllum

230 2157 399 2253 confecisse.
442 2161 565 2236 Verum
586 2188 681 2258 quum
701 2166 768 2235 Dei
793 2167 844 2236 ira
867 2163 950 2234 nihil
975 2156 1161 2254 remisisset,
1191 2160 1233 2235 (θ’

230 2253 393 2353 pessilenti
412 2259 521 2327 morlo
537 2262 655 2333 civitas
678 2263 792 2332 iterum
812 2279 1007 2334 venaretur,
1023 2259 1135 2353 verrise
1152 2257 1234 2331 Del·

227 2355 310 2447 phot
344 2353 533 2434 Garadum,
556 2378 593 2427 ut
617 2362 657 2428 de
679 2359 786 2429 Pente
811 2359 896 2428 cade
920 2356 1072 2450 Apollini
1092 2352 1235 2442 satissa-

234 2467 344 2520 ceret:
371 2445 409 2520 δὲ
442 2452 551 2537 paullo
576 2453 743 2524 inferius:
773 2453 893 2526 Coreli
924 2477 1001 2523 vero
1029 2450 1236 2542 sepulchrum

235 2545 391 2635 Megaris
417 2541 481 2638 esi,
500 2547 535 2618 in
556 2571 618 2641 quo
641 2549 781 2644 inscripti
798 2551 880 2641 elegi
898 2573 965 2618 rem
988 2568 1087 2617 totam
1105 2550 1143 2619 dt
1157 2547 1208 2622 Ps
1220 2578 1237 2599 ·

239 2640 365 2718 matht,
388 2637 430 2714 (Τ
445 2644 569 2715 Coroebo
595 2642 769 2738 tesiantur:
795 2644 909 2715 tumuli
935 2639 1055 2734 insgne
1078 2637 1142 2734 esi,
1168 2644 1238 2710 Co·

238 2735 342 2806 radus
367 2737 494 2809 Plenam
524 2740 702 2830 conficiens.
752 2740 839 2811 Haec
864 2737 1032 2810 Pausanias
1055 2737 1087 2806 in
1118 2734 1239 2827 quibus

239 2831 328 2903 nulla
352 2833 476 2904 mentio
505 2835 551 2906 esi
574 2839 615 2907 de
645 2848 755 2909 morte
783 2837 949 2926 Crotopi,
971 2836 1007 2905 dt
1034 2833 1241 2915 Psamathes,

240 2926 296 2998 sed
317 2927 480 3001 credibile¹
496 2932 561 3011 ess,
578 2934 769 3024 Apollinem
794 2935 913 3004 iratum
936 2933 976 3001 de
991 2931 1146 3023 Crotopo
1165 2955 1241 3021 pue·
1270 2983 1277 2992 -

240 3049 297 3096 nas
319 3021 502 3113 sumpsisse,
525 3053 604 3121 quas
626 3030 681 3099 ille
709 3031 750 3100 de
773 3028 940 3101 Psamatbe
968 3025 1177 3120 sumpserat,
1205 3025 1243 3101 δί

241 3119 452 3289 lpppcbomnia
482 3125 516 3194 in
544 3126 605 3196 illis
638 3126 743 3222 elegis
773 3129 867 3202 latius
896 3125 1068 3196 contineri.
1109 3127 1189 3195 Stat.
1210 3142 1243 3198 1.

301 3241 347 3287 e.

294 3331 377 3402 217.
388 3315 491 3407 thue
503 3317 806 3413 neposAEthrae.)T
810 3316 924 3391 heseus
937 3314 1094 3390 filiusfuit
1106 3315 1246 3398 AEthrae,

242 3409 281 3484 δι
303 3427 396 3500 patet
420 3410 609 3511 Hippolyti.
652 3418 747 3488 Nota
771 3417 817 3488 esi
840 3417 959 3491 fabula
973 3440 1017 3487 ex
1043 3415 1148 3487 Ovid.
1172 3414 1262 3482 Eur

244 3507 350 3598 tipide
372 3505 406 3574 in
430 3511 608 3614 Hippolyto
624 3532 795 3592 coronato,
810 3510 847 3584 ὃ(
865 3538 907 3584 ex
921 3516 1054 3583 Senecae
1069 3507 1232 3602 Tragaea

292 3622 375 3693 217.
402 3604 539 3700 Propter
553 3630 628 3702 opes
644 3608 780 3696 nimias)
805 3612 1022 3702 vel-magnas.
1062 3604 1250 3696 Polydorus

202 3728 209 3749 ¹
245 3702 368 3772 Priami
398 3699 484 3778 silius
511 3704 529 3776 a
561 3703 808 3802 Polymnestore
837 3706 991 3776 Thracia
1014 3723 1095 3793 rege
1118 3717 1252 3774 necatur

244 3796 319 3871 fuir.
351 3796 507 3894 ·Vitg.3.
533 3807 667 3876 AEneid.

292 3913 379 3989 217.
410 3902 515 3994 thue
529 3898 644 3990 serunt
661 3896 790 3988 fratres
801 3898 895 3989 sert.)
919 3895 1008 3969 Haec
1028 3891 1093 3969 senv
1111 3890 1255 3967 carmina

244 4012 346 4067 unam
369 3999 576 4095 eandemque
600 3995 770 4075 continent
795 3993 1029 4071 narrationem.
1048 4008 1056 4023 ⁸
1076 3989 1253 4084 Amphion

764 4089 801 4191 Q
826 4111 853 4191 4
1193 4106 1254 4162 tex
