2859 4709
480 364 948 445 Sn'rratnntVI.
1145 398 1214 474 325

204 476 296 554 llam.
335 482 406 585 Sed
428 480 534 560 haeres
555 488 680 573 iratus,
704 492 795 581 quod
821 486 1013 560 diminuetis
1035 511 1108 559 rem
1121 532 1135 567 ‚
1158 514 1217 561 ne·

203 577 315 672 gliget
339 581 477 674 epulum
503 583 664 666 funebre,
687 584 928 657 &committet
953 606 1046 657 urnae
1070 586 1135 655 olla
1159 606 1216 659 tua

200 695 381 769 unguento
406 700 475 750 non
498 677 654 770 perfusa,
682 697 813 770 paratus
837 678 982 764 nescire,
1010 677 1076 750 srve
1104 682 1216 753 cinna·

204 766 408 870 masspirent
441 777 608 858 odorem,
639 779 697 869 qui
727 777 784 848 vix
810 777 995 857 sentiatur,
1026 772 1093 845 five
1126 774 1217 849 caliae

203 865 319 939 cereso
338 867 399 941 lint
420 871 619 943 adulteratae.
662 871 716 941 An
746 875 858 942 deceat
883 892 917 943 te
942 870 1148 941 incolumem
1170 874 1219 944 di·

203 962 359 1036 minuere
387 965 509 1039 bonai
550 968 616 1038 Sed
647 965 773 1039 Bestius
806 969 931 1039 accusat
971 965 1218 1059 Philosophos:

202 1056 250 1130 ita
277 1057 316 1130 lit
339 1061 496 1157 (inquit)
529 1061 701 1154 pollquam
724 1063 794 1135 haec
821 1062 973 1157 sapientia
1001 1061 1109 1134 noslra
1138 1062 1219 1135 citra

204 1153 457 1251 navigationem
474 1181 495 1236 ,x
512 1155 550 1230 ὃ(
576 1158 675 1229 maris
699 1160 886 1248 periculum
915 1159 1045 1230 invebla
1077 1157 1124 1228 est
1154 1180 1220 1228 ur-

205 1249 288 1323 bem
310 1277 389 1326 cum
414 1254 551 1346 pipere,
565 1252 602 1327 &
622 1254 765 1347 palmis:
793 1280 837 1326 ex
858 1251 926 1327 illo‘
942 1273 1095 1345 tempore
1118 1252 1220 1324 etiam

206 1336 364 1423 messores
381 1349 482 1422 craslo
506 1351 656 1444 unguine
682 1371 849 1422 unxerunt
874 1352 995 1443 pultes.
1042 1351 1078 1419 O
1100 1373 1220 1431 avare,

206 1444 266 1539 qui
289 1441 400 1520 studes
429 1446 554 1518 haeredi
581 1446 761 1539 plurimum
787 1447 1000 1542 relinquere,
1025 1468 1109 1527 cur,
1143 1469 1220 1538 quae

204 1540 292 1614 ultra
320 1560 467 1614 mortem
504 1540 575 1614 sunt
603 1545 752 1616 metuasl
794 1544 906 1639 Atque
935 1543 1126 1636 quicunque
1155 1540 1219 1613 eris

206 1659 305 1710 meus
331 1638 460 1718 haeres,
486 1635 611 1710 secrete
635 1639 773 1730 paulum
800 1663 818 1708 a
847 1639 943 1711 turha
972 1639 1126 1710 seductus
1153 1661 1220 1710 au-

209 1732 272 1814 di,
296 1733 425 1806 ohone
446 1758 528 1806 num
558 1733 713 1828 ignotast
757 1736 885 1807 Laurus
909 1733 999 1806 milla
1025 1734 1071 1804 esl
1095 1759 1113 1802 a
1139 1735 1219 1808 Cae-

210 1825 284 1900 sare
312 1828 359 1902 ob
382 1827 544 1925 insignem
565 1832 693 1903 cladem
720 1833 994 1912 Germanorum,
1017 1828 1220 1922 &frigidus

208 1924 292 1997 cinis
317 1927 482 2001 excutitur
513 1951 556 1999 ex
583 1927 665 1998 aris:
698 1927 742 1997 Et
768 1927 923 1999 Cellonia
944 1949 1030 1999 uxor
1054 1924 1220 2018 Caligulae

209 2018 351 2115 disponit
383 2024 419 2094 ln
446 2022 595 2116 pollibus
618 2024 735 2115 templi
761 2025 917 2113 arma&
943 2022 1134 2117 chlamydes
1160 2044 1222 2090 re-

208 2139 316 2213 gum,
342 2115 379 2194 ὅ(
405 2120 576 2213 captivum
607 2119 747 2214 gausapa
772 2120 884 2192 crocei
907 2119 1054 2202 coloris,
1074 2119 1111 2191 δι
1138 2113 1222 2185 esle-

209 2219 273 2296 da,
291 2214 506 2311 ingentesque
526 2214 676 2286 Rhenus.
708 2215 784 2288 Diis
804 2219 928 2313 igitur„
945 2215 982 2290 &
1001 2216 1117 2292 Genio
1140 2211 1221 2283 tanti

209 2309 303 2384 ducis
332 2330 469 2386 centum
502 2315 592 2403 paria
621 2310 840 2406 gladiatorum
874 2314 919 2384 ob
949 2334 1002 2383 res
1027 2311 1114 2382 bene
1143 2306 1222 2402 ges·

208 2421 288 2487 tas,
314 2406 479 2479 inducam.
522 2408 610 2497 Quis
642 2425 731 2478 vetat
764 2407 873 2481 fieri?
916 2409 1006 2500 Quis
1039 2404 1221 2499 prohibet?

211 2504 296 2574 aude
321 2521 436 2575 vetare
464 2501 557 2573 mihi.
596 2503 677 2575 Veh
704 2504 784 2584 tihi,
814 2502 1081 2595 nisrpermittis,
1108 2498 1221 2593 largiri

209 2599 291 2673 volo
316 2599 409 2692 plebi
436 2602 571 2682 oleum,
598 2597 635 2672 δι
660 2619 849 2683 artocreas,
872 2625 913 2671 an
942 2597 1121 2689 prohibes?
1151 2596 1222 2666 Dic

211 2695 297 2766 clara
334 2720 446 2768 voce:
481 2720 551 2768 non
582 2696 714 2778 audeo,
745 2696 873 2788 inquis,
910 2693 1115 2785 prohibere,
1151 2714 1222 2782 quo

210 2791 323 2862 minus
345 2791 461 2876 facias,
493 2818 536 2864 ne
560 2789 643 2863 saxis
664 2794 790 2873 caedar,
821 2815 964 2884 quorum
995 2791 1112 2881 plenus
1141 2809 1222 2880 ager

211 2886 419 2980 propinquus
440 2887 495 2960 est.
545 2888 623 2983 Age
638 2932 649 2970 ,
674 2886 698 2956 sr
726 2889 814 2961 nulla
842 2912 884 2958 ex
912 2887 1020 2958 amitis
1052 2884 1120 2980 jam
1144 2884 1223 2955 reli-

210 3007 275 3077 qua
293 2980 340 3055 est
364 2981 465 3069 mihi,
489 2983 577 3056 nulla
600 2983 774 3076 patruelis,
798 2985 885 3056 nulla
908 2984 1077 3076 proneptis
1095 3004 1139 3052 ex
1162 3005 1220 3070 pa·

208 3077 290 3151 truis
313 3095 439 3150 manet.
477 3081 510 3149 Si
533 3097 707 3151 matertera
727 3081 808 3149 vixit
838 3078 975 3165 sterilis,
1002 3081 1039 3152 dc
1070 3075 1160 3165 nihil
1179 3077 1223 3145 de

210 3176 283 3249 avia
313 3171 480 3265 superest,
503 3177 625 3247 accedo
650 3177 691 3245 ad
720 3174 886 3256 Bovillas,
910 3175 947 3248 ὅ(
979 3174 1104 3245 clivum
1137 3169 1224 3242 Vir-

210 3271 284 3343 bii:
312 3270 472 3342 Mannius
501 3291 596 3343 terrae
633 3269 722 3341 filius
758 3271 874 3362 praeslo
908 3271 955 3342 ell
987 3269 1092 3340 haeres
1127 3251 1224 3336 mihi.
1269 3319 1273 3325 .

212 3370 340 3460 Quaere
366 3391 410 3438 ex
436 3391 492 3438 me
518 3368 592 3460 quis
615 3366 737 3437 abavus
762 3368 845 3436 milti
866 3365 927 3449 fit,
956 3365 1043 3437 haud
1067 3379 1225 3454 prompte

209 3463 368 3556 quidem,
395 3480 507 3534 tamen
537 3464 644 3534 dicam
668 3460 739 3531 tibi.
778 3465 885 3554 Quod
911 3461 1110 3539 statatum,
1135 3461 1226 3527 trita·

210 3584 362 3652 vumque
387 3558 580 3641 addideris,
614 3559 656 3627 ad
682 3581 763 3628 eum
792 3562 924 3629 tandem
950 3557 1099 3631 venies,
1129 3551 1225 3648 cujus

207 3679 327 3747 parens
351 3655 549 3750 ignoretur,
574 3669 673 3745 atque
699 3651 745 3722 oh
767 3654 801 3722 id
827 3674 923 3723 terrae
941 3651 1028 3722 filius
1044 3645 1226 3730 habeatur,

209 3751 248 3824 tlt
272 3753 318 3821 ita
341 3750 395 3822 hic
415 3751 596 3832 Mannius,
613 3771 725 3841 'quem
752 3748 842 3826 dixi,
868 3769 964 3838 terrae
985 3744 1115 3823 filium,
1141 3767 1228 3815 eva-

165 3848 171 3859 '
209 3848 260 3917 dit
281 3846 363 3918 mihi
388 3871 496 3940 prope
518 3845 624 3937 major
651 3845 856 3928 avunculus,
887 3845 951 3916 ritu
969 3840 1111 3940 generis.
1154 3840 1228 3912 Cur

209 3958 250 4016 tu
270 3964 327 4016 me
345 3962 425 4018 natu
445 3943 603 4040 grandior
626 3965 737 4016 meam
755 3959 862 4112 cqqtas
882 3938 1107 4013 hereditatem
1120 3959 1229 4104 ’th

842 4058 863 4131 3
1153 4055 1189 4104 aa
