2859 4709
254 466 326 564 560
450 461 811 561 politanum
859 452 1062 528 Menas
1165 439 1172 453 '

252 587 407 684 fingulari
432 587 620 667 sanclitate,
644 587 715 687 ipso
738 583 873 678 quidem
896 602 1011 657 tamen
1034 583 1249 677 fimutach03

251 693 345 777 quod
368 687 492 770 Phidiae
517 708 603 778 opus
626 687 698 767 eli,
727 682 873 755 martime
894 684 1024 756 nobile.
1075 688 1250 760 Arcadiam

252 781 537 878 Peloponnesiacae
573 800 688 878 gentes
721 781 869 873 undique
905 780 1091 878 incingunt.
1140 785 1183 856 Iu
1214 809 1251 857 ea

251 879 322 951 sunt
347 882 445 953 urbes
464 878 624 969 Pl'ophis,
650 879 791 961 Tenea,
808 875 845 950 ὅ(
863 878 1124 953 Orchomenon:
1154 905 1252 952 mon·

251 975 301 1048 tes
325 978 479 1053 Pholoe,
503 976 697 1072 Cyllenius,
724 973 943 1052 Parthenius,
968 977 1151 1051 Maenalus:
1182 977 1250 1050 llu-

251 1073 363 1163 mina,
390 1072 635 1169 Erymanthus,
666 1071 703 1146 &
739 1070 867 1144 Ladon.
917 1074 961 1143 In
992 1074 1114 1146 AEtolia
1141 1077 1248 1147 Nau-

238 1174 399 1259 ,p'acloh
432 1173 466 1239 in
493 1169 674 1265 Acarnania
705 1168 860 1243 Stratos,
894 1171 1033 1262 oppida.
1075 1172 1117 1242 In
1142 1173 1251 1265 Epiro

161 1282 163 1287 ’
250 1263 419 1339 Dodonaei
440 1266 533 1347 Jovis
554 1266 735 1358 templum:
761 1263 799 1338 δί
820 1267 895 1337 fons
919 1267 998 1338 ideo
1024 1268 1133 1349 lacer,
1160 1270 1252 1363 quod

250 1386 328 1434 cum
353 1362 389 1433 fit
416 1361 617 1452 frigidus&
642 1359 809 1435 immersas
833 1361 921 1434 faces
944 1362 1027 1436 ficut
1051 1367 1165 1439 caeteri
1191 1389 1251 1438 ex·

250 1461 405 1553 tinguat,
426 1457 484 1529 ubi
506 1457 572 1530 stne
592 1462 671 1553 igne
690 1460 1068 1552 prorutuamovenrur,
1095 1464 1250 1535 accendit.

248 1558 296 1625 At
322 1579 398 1625 cum
422 1558 530 1627 littora
552 1557 731 1650 leguntur,
748 1555 766 1627 'a
783 1562 1017 1648 promontorio
1036 1561 1178 1651 Sepiade
1194 1583 1251 1651 per

249 1648 459 1726 Demetriam
483 1652 518 1728 ὃ(
544 1652 686 1735 Boion,
713 1651 927 1734 Phtheleon,
962 1655 999 1741 ὅ(
1029 1657 1197 1731 Echinon*
1209 1657 1248 1728 ad

249 1747 436 1844 Pegaseum
464 1750 567 1824 finum
600 1750 713 1825 cursus
740 1751 796 1823 eli.
845 1752 910 1824 Ille
936 1751 1058 1824 urbem
1095 1753 1248 1849 Pegasum

250 1848 443 1938 atriplexus,
467 1873 599 1923 amnem
629 1847 812 1942 Sperchion
842 1849 982 1940 accipit:
1009 1849 1047 1924 δὲ
1078 1849 1246 1943 Aphetaes

250 1949 326 2035 quia
361 1946 492 2042 Minyae
524 1947 686 2020 Colchida
718 1962 870 2038 petentes
895 1945 970 2017 inde
997 1951 1101 2044 Argo
1134 1972 1248 2020 navem

249 2039 398 2121 solvere,
418 2064 629 2121 memoratur.
675 2042 730 2115 Ab
754 2068 797 2115 eo
815 2047 857 2115 ad
879 2042 1018 2114 Sunium
1039 2045 1244 2118 tendentibus

249 2138 304 2209 illa
328 2145 600 2238 praenaviganda,
626 2141 789 2215 Maliacus
816 2140 853 2214 δ(
884 2141 1083 2241 Opuntius,
1111 2143 1243 2237 grandes

249 2232 357 2318 finus,
378 2238 414 2311 ὅ(
439 2241 471 2308 in
496 2241 545 2310 his
567 2239 727 2310 caesorum
752 2239 850 2324 etiam
875 2240 1051 2310 Laconum
1080 2240 1242 2331 oophar,

247 2329 514 2431 Thermopyla,
539 2337 659 2426 Opus,
684 2334 859 2426 scaphia,
886 2333 1091 2418 Cnemides,
1116 2336 1243 2429 Alope,

161 2516 166 2529 Ι
245 2429 450 2511 Anthedon,
471 2433 655 2527 Larymna:
673 2433 789 2513 Aulis,
804 2435 1106 2524 Agamemnoniae,
1124 2435 1244 2508 Graio·

173 2572 176 2577 ·
244 2549 390 2619 rumque
416 2529 515 2602 clalfis
535 2532 567 2600 in
587 2529 729 2601 Troiam
754 2529 996 2623 conjurantium
1019 2531 1139 2602 statio:
1163 2533 1245 2604 Ma·

244 2624 362 2694 rathon'
384 2651 578 2722 magnarum
601 2628 845 2718 multarumque
865 2628 1026 2712 virtutum
1048 2627 1162 2708 tellis,
1182 2629 1247 2721 jam

243 2719 323 2794 inde
349 2723 367 2797 l
393 2722 528 2797 Theseo
564 2726 734 2798 Persarum
765 2723 910 2798 maxima
939 2726 1031 2796 clade
1061 2743 1245 2818 pernotus:

243 2813 419 2895 Rhamnus
440 2848 559 2913 parva,
584 2822 712 2896 illustris
734 2842 866 2900 tamen,
889 2821 981 2914 quod
1006 2822 1038 2891 in
1064 2847 1101 2894 ea
1128 2817 1245 2890 fanum

244 2913 291 2984 est
315 2920 529 3011 Amphiarai,
553 2917 589 2994 ὅ(
614 2920 767 3007 Phidiaca
791 2917 955 2991 Nemelis.
994 2916 1183 2996 Thoricos,
1202 2914 1242 2990 ὅ(

243 3008 393 3088 Brauron
419 3022 500 3089 olim
522 3018 639 3099 urbes,
663 3018 730 3111 jam
755 3034 882 3089 tantum
910 3015 1051 3085 nomina.
1094 3013 1241 3083 Sunium

240 3117 511 3202 promontorium
533 3115 599 3196 est,
617 3116 756 3207 finitque
780 3113 813 3184 id
835 3115 925 3184 littus
946 3112 1127 3190 Hellados,
1147 3110 1246 3201 quod

240 3207 362 3298 spedat
387 3217 427 3286 ad
454 3216 628 3286 orientem.
671 3214 821 3284 Indead
846 3213 1020 3282 meridiem
1044 3230 1130 3280 terra
1162 3232 1246 3278 con·

241 3313 382 3384 vertitur
406 3311 507 3408 usque
535 3316 577 3384 ad
599 3313 805 3405 Mdgaram,
831 3310 975 3387 Atticae,
999 3322 1035 3377 ut
1064 3307 1172 3376 modo
1198 3305 1244 3376 la·

240 3422 347 3504 tere,
383 3410 545 3484 ita'nunc
579 3408 690 3480 fronte
730 3407 850 3502 pelago
891 3406 1050 3499 adjacens.
1105 3399 1163 3473 lbi
1199 3400 1244 3472 ell

240 3504 366 3582 Piraeus
399 3507 648 3580 Atheniensium
674 3526 806 3597 portus:
839 3500 995 3597 Scyronia
1027 3499 1122 3585 saxa,
1154 3498 1243 3571 saevo

237 3610 407 3699 quondam
423 3606 579 3704 Scyronis
598 3603 742 3695 hospitio
760 3601 858 3672 etiam
874 3624 959 3674 nunc
981 3596 1129 3670 infamia.
1165 3598 1244 3670 Me·

237 3708 427 3801 garenlinm
443 3708 570 3795 ¹traditas
594 3702 745 3774 Illhmon
768 3701 920 3793 attingit,
942 3697 1009 3767 hoc
1036 3697 1083 3765 illi
1108 3718 1242 3795 cogno·

236 3827 318 3877 rnen
339 3807 404 3888 eil,
425 3806 500 3897 qnia
518 3805 662 3897 quinque
677 3800 820 3871 millium
845 3796 952 3890 spacio
969 3795 1131 3886 AEgaeum
1150 3815 1243 3866 mare

237 3899 281 3973 ab
303 3907 404 3979 Innio
423 3903 645 3981 submovens,
668 3897 807 3992 angusto
827 3893 955 3966 tramite
972 3890 1112 3963 Helladi
1137 3893 1242 3961 Pelo·

227 4012 415 4100 ponnelon
445 4002 602 4083 annecto.
627 3997 685 4066 Xn
711 4020 754 4062 eo
776 3992 825 4061 eit
843 3992 1001 4081 oppidum
1028 3987 1238 4065 Cenchreas,

218 4109 356 4200 fanum
373 4107 569 4213 Neptuni:
583 4097 706 4176 ludis,
722 4083 998 4216 qunshhhlnixcns
1006 4102 1154 4175 nomn,
1162 4085 1279 4228 ειξξῇ
