2859 4709
399 449 464 506 tn
513 427 899 512 Norntcrn.
1080 440 1149 540 483

202 554 237 645 P·
249 560 329 637 610.
355 556 421 656 Ipfi
436 561 531 631 eriam
545 561 725 651 Lacones.)
752 559 894 630 Alcman
917 557 935 630 'a
958 558 1152 653 quibusdam

203 676 285 729 tatur
311 657 443 734 Alcon,
466 659 552 728 inter
575 681 660 750 quos
683 654 730 727 etl
756 654 899 732 Statius,
922 654 1058 752 quidam
1082 662 1152 756 Ly·

206 778 239 824 m
264 755 411 836 faciunt,
435 752 472 827 δι
495 753 530 823 in
555 753 801 825 Lacedamone
828 751 956 825 vixisse.
996 753 1080 826 Hoc
1101 756 1154 827 in·

206 868 216 920 t
251 852 400 924 Politian.
448 854 572 922 Servus
607 848 770 947 Ageliclae
796 848 886 921 faits
920 870 1152 927 verumtamen

208 950 238 1017 ,d
260 947 336 1018 elles
362 945 473 1018 indole
493 946 654 1040 jucunda,
674 946 843 1038 docilique
864 947 1153 1028 mammillam&

209 1067 231 1114 tr
254 1048 369 1136 po'e'tas
392 1046 624 1117 adnumeratus
642 1045 716 1117 fuit.
758 1047 909 1117 Lacones
931 1068 1035 1138 porro
1068 1045 1155 1120 cele·

210 1157 280 1214 atur
305 1140 323 1212 'a
346 1141 507 1214 brevitate
532 1141 565 1214 in
591 1143 748 1214 dicendo.
790 1143 888 1214 Unde
907 1142 1021 1239 Adag.
1046 1140 1154 1219 Laro-

211 1264 273 1312 nts.
315 1238 450 1312 Pausan.
475 1239 529 1310 lib.
544 1259 577 1331 3.
604 1243 666 1313 Ad
685 1240 797 1312 Sabrii
815 1243 984 1313 &veteram
1006 1234 1050 1332 esi
1069 1240 1155 1310 An·
1206 1268 1208 1279 ·

212 1337 248 1408 tis
272 1328 438 1408 tumulas:
463 1337 516 1408 cni
543 1336 578 1408 in
602 1336 737 1410 canticis
761 1336 941 1432 pangendis
964 1337 1050 1409 nihil
1079 1360 1156 1407 orn·

213 1458 221 1503 r
245 1435 410 1505 Laconica
431 1434 546 1529 lingna
571 1430 699 1522 obsnit3
721 1429 809 1527 &fi
834 1435 915 1509 salal
939 1457 978 1506 ea
1002 1435 1038 1506 in
1061 1434 1155 1507 voci·

231 1529 435 1626 appellandis
463 1529 558 1602 habet
574 1528 764 1617 suavitatis.

214 1628 276 1718 113.
301 1629 404 1697 Nunc
425 1626 563 1720 gemit.)
589 1627 691 1698 Periit
712 1625 895 1718 pediculari
913 1625 1059 1710 morbo,
1086 1624 1154 1703 hoc

215 1719 393 1814 phthiriasi.
436 1722 573 1793 Plinius.
595 1720 846 1798 &Plutarchus
871 1723 906 1793 in
932 1723 1037 1796 Sulla.

214 1821 278 1910 '14
302 1821 469 1892 Aeterni
486 1842 632 1904 numeros
648 1815 773 1916 Ibyce.)
800 1817 978 1914 Rheginos
992 1819 1079 1898 fuit,
1097 1821 1157 1896 vi·

218 1939 301 1987 vero
326 1917 437 1998 Sami,
459 1941 527 2008 quo
551 1935 703 2009 tempore
726 1913 889 1991 Chroesus
906 1917 1064 2007 Sardibus
1088 1918 1155 1991 im·

215 2013 281 2083 ivit.
316 2013 393 2086 Cic.
406 2033 440 2106 4.
466 2013 558 2102 Tusa.
599 2012 753 2088 Maxime
772 2036 855 2086 veto
875 2036 1061 2105 puerorum
1084 2014 1154 2089 fla·

216 2107 248 2181 le
267 2110 382 2182 amori
396 2111 544 2206 Ibycum
558 2127 694 2203 apparet
710 2133 753 2182 en
774 2107 912 2202 scriptis.
938 2108 1030 2183 Vide
1041 2113 1159 2208 Adag.

217 2209 234 2280 :i
259 2232 367 2303 equas.
410 2208 493 2280 Avis
517 2208 688 2303 pigmus,
715 2205 762 2278 est
792 2208 904 2283 Gens:
935 2207 1015 2279 vide
1041 2209 1153 2304 Adag.

218 2305 233 2375 r'
247 2300 357 2401 grues.
396 2301 579 2378 Historiam
599 2303 642 2377 stc
662 2321 768 2376 narrat
789 2300 1002 2376 Plutarchus:
1034 2304 1155 2400 Ibycus

218 2428 236 2473 a
254 2402 404 2499 quidam,
418 2427 512 2497 qnam
525 2403 558 2475 in
571 2402 712 2475 latrones
730 2393 905 2492 incidisset,
913 2400 1050 2495 jamjam
1069 2403 1154 2476 occi·

219 2502 266 2571 lus
280 2524 380 2596 grues
389 2496 482 2587 sorte
495 2499 766 2595 supervolantes,
790 2494 959 2590 adtestatus
980 2493 1032 2590 esi.
1073 2497 1154 2572 Ali-

219 2618 259 2666 tto
279 2593 347 2691 pasl
371 2615 510 2692 tempore
535 2621 628 2692 qnam
650 2595 748 2666 iidem
772 2595 916 2664 latrones
941 2594 975 2663 in
991 2592 1071 2685 soro
1090 2597 1154 2684 se-

221 2712 278 2776 nt,
302 2694 458 2789 genesqae
481 2692 759 2789 supervolarem,
786 2708 849 2785 per
872 2691 985 2784 jocum
1012 2690 1153 2781 interse

221 2792 355 2862 naharu.
610 2820 616 2829 ·

238 2885 269 2957 ait
293 2892 381 2969 Inita
406 2887 516 2973 laihan
540 2883 679 2981 ariperto.
726 2914 728 2919 ’
1035 2937 1039 2940 -

221 2983 317 3080 lesi:
338 2985 470 3073 Adsunt
493 2986 587 3082 Ibyci
608 2990 742 3060 ultores.
787 2982 871 3054 Eam
885 2978 1065 3070 sermonem
1091 2984 1152 3058 ad·

221 3104 279 3154 nes
312 3085 347 3153 in
372 3084 583 3178 suspicionem
619 3101 828 3176 rapuerant,
858 3104 954 3174 quant
986 3080 1151 3174 praecipue

221 3178 334 3277 ibycus
349 3179 597 3275 defideratetnr.
631 3181 753 3276 Rogati
776 3179 940 3261 latrones,
962 3176 1152 3275 respondent

220 3294 351 3358 santet,
384 3300 482 3373 atque
512 3275 752 3373 inrorslanrer:
781 3296 993 3368 torquentur:
1015 3272 1152 3366 sasinus

221 3369 358 3446 lentur:
387 3402 424 3447 ar
442 3375 507 3463 sno
537 3373 685 3471 ipsorum*
710 3373 859 3451 indicio,
891 3367 979 3466 quast
1002 3371 1154 3458 sorices,

221 3492 314 3541 trane.
359 3472 402 3541 ln
440 3474 574 3566 Adagio
607 3472 709 3542 habes
741 3472 948 3562 epigramma
983 3471 1150 3546 Graecum

233 3567 384 3641 versione
402 3572 444 3640 de
465 3584 576 3640 morte
596 3568 706 3662 Ibyci.
739 3561 910 3638 Auianius
922 3567 958 3633 in
970 3567 1149 3672 Monosyll.

222 3668 510 3762 transcripturi,
536 3665 659 3737 vindex
682 3661 747 3748 snit
776 3657 956 3735 altivolans
983 3689 1079 3762 grus.

223 3789 261 3836 us
286 3764 343 3835 lib.
360 3782 388 3855 ς.
411 3761 568 3856 filvarum
593 3765 628 3834 in
651 3763 784 3855 Epited.
1066 3794 1070 3803 ¹

222 3895 334 3914 --
361 3859 399 3934 V
396 3862 599 3957 olncenmque
620 3879 771 3956 precator

223 3958 358 4037 bratus,
382 3958 423 4033 et
449 3964 576 4031 tetricis
602 3961 748 4030 Alcman
773 3975 923 4030 cantaras
950 3949 1111 4053 Amyclis.
1145 3976 1147 3981 ·

224 4079 255 4131 ts
268 4055 316 4130 eil
332 4054 528 4139 mendosusz
545 4075 581 4139 tu
598 4055 943 4235 legfliioaiomm)
970 4050 1161 4240 (Ῑῑξέμὲἷέἱ
