2859 4709
217 449 268 541 84
422 476 424 479 v
549 441 633 515 De
680 443 869 515 Anne

218 570 313 666 gicus
334 563 498 662 liguris&
518 565 641 657 tropis,
660 563 819 646 historiis,
836 563 971 644 fabulis,
989 559 1146 636 similibus
1162 555 1230 636 ess.

217 666 367 737 refertus.
397 662 557 752 Exempla
570 661 662 752 ponit
675 659 855 732 Horatius:
878 659 1034 754 Verfidus
1054 659 1209 755 (inquit)

218 765 335 856 exponi
348 760 481 854 tragicis
495 781 545 828 res
565 760 684 830 comica
698 783 763 827 non
776 759 856 828 vult.
886 760 1048 848 Expende
1066 754 1210 831 verstcu·

217 858 288 929 lum
302 858 553 930 hexametrum,
567 851 666 946 quim
679 848 778 946 longe
792 852 869 923 absrt
882 850 900 921 it
912 851 1075 941 majestate
1090 851 1211 924 carmi-

216 953 287 1030 nis,
301 954 381 1022 nihil
398 950 494 1021 habet
511 949 647 1040 po'e'seos
663 971 781 1040 praeter
795 951 915 1041 pedes:
939 950 1089 1022 Comicis
1110 951 1210 1020 deni-

217 1074 282 1142 que
297 1049 405 1120 verbis
418 1047 453 1120 &
466 1046 697 1137 popularibus,
720 1045 756 1118 δι
772 1046 906 1116 minutis
925 1044 971 1115 est
987 1045 1210 1137 composrtus:

215 1147 379 1216 Praeterea
401 1166 468 1213 uno
483 1141 578 1212 versu
594 1141 732 1233 absolvit
753 1165 824 1211 tem
838 1142 1025 1214 Comicatn.
1063 1145 1211 1214 Attende

218 1243 302 1312 duos
315 1238 484 1330 sequentes
504 1235 600 1328 quim
617 1237 802 1331 Tragicos,
816 1235 912 1330 quittn
928 1238 1031 1331 tropis
1044 1237 1080 1312 &
1092 1237 1211 1332 figuris

216 1355 359 1409 ornatos.
382 1332 574 1427 Indignatur
591 1337 664 1404 itcrn
678 1335 743 1406 &e
762 1334 926 1423 Quamvis
943 1335 1115 1426 aliquando
1132 1359 1211 1404 con·

215 1433 341 1525 tingat,
363 1448 398 1500 ut
415 1432 571 1500 decorum
596 1430 637 1498 ita
652 1428 810 1521 postulet,
827 1449 862 1500 ut
881 1431 1061 1503 Comoedia
1078 1431 1211 1502 attolla-

159 1585 162 1590 .
216 1527 485 1618 tur,Tragoedia
508 1528 717 1616 deprimatur.
743 1528 889 1596 Attende
911 1526 1030 1618 quibus
1045 1524 1156 1598 verbis
1172 1529 1209 1599 id

213 1625 299 1697 dicat
325 1622 507 1703 Horatius,
530 1622 564 1695 ὃ(
590 1625 761 1715 quomodo
788 1622 917 1694 duobus
933 1621 1078 1696 versrbus
1097 1622 1210 1716 eisque

212 1721 349 1812 paulum
364 1716 582 1789 ornatioribus
597 1723 637 1787 de
655 1718 824 1790 comoedia
838 1718 1008 1811 loquatur:
1025 1720 1060 1794 ὅ(
1078 1741 1210 1812 tragoe-

212 1819 303 1887 diam
319 1839 387 1886 uno
404 1810 562 1884 vetficulo
579 1812 732 1888 absolvat.
760 1815 876 1886 Subdit
891 1816 1103 1886 nihilominus
1119 1817 1210 1886 utri-

213 1911 316 2005 usque
330 1909 412 2000 parti
428 1909 745 2000 exemplum:.Nam
760 1913 932 2000 quomodo
951 1910 1134 1984 Comoedia
1146 1937 1210 1986 vo·
1246 2001 1248 2004 .

214 2032 289 2079 cem
314 2007 428 2087 tollat,
449 2006 622 2074 declaravit
646 2007 802 2096 exemplo
820 2007 892 2078 irati
911 2007 1117 2081 Chremetis:
1137 2032 1212 2100 quo

213 2100 297 2174 verb
321 2104 416 2192 passo
437 2101 623 2192 Tragoedia
647 2101 680 2169 se
709 2121 801 2196 gerat
824 2102 1025 2187 submissius,
1049 2105 1207 2195 exemplo

212 2198 358 2288 Telephi
377 2197 412 2271 u
434 2196 542 2274 Pelei,
558 2197 612 2286 qui
630 2220 733 2288 quum
755 2195 852 2269 essent
867 2201 884 2268 i
899 2201 1000 2291 patria
1017 2222 1100 2272 terra
1119 2225 1206 2273 exu-

211 2293 259 2364 les
272 2295 329 2366 ,ἅ
337 2314 518 2382 pauperes,
529 2291 559 2359 in
568 2293 753 2386 Tragoedia
766 2295 1001 2368 inducebantur
1013 2295 1206 2368 humili-ser·

211 2412 313 2475 mone
326 2406 454 2459 utentes
465 2429 475 2464 ,
486 2386 522 2459 bt
541 2390 646 2478 ampla
660 2390 898 2484 magnificaque
914 2391 1013 2462 verba
1027 2391 1206 2484 projicien-

207 2500 282 2567 tes,
304 2484 341 2555 ul
357 2483 429 2560 vest,
455 2479 652 2577 abjicientes.
696 2487 786 2555 Nam
805 2486 828 2555 sr
847 2490 936 2559 aliter
950 2488 1204 2572 inducerentur,

210 2581 352 2650 riderent
373 2580 559 2655 auditores,
584 2598 638 2650 aut
661 2583 890 2666 dormitarent,
915 2585 1059 2676 supinam
1086 2586 1203 2657 Poiitae

203 2677 449 2768 ‘negligentiam
467 2693 617 2747 notantes
641 2676 697 2768 qui
722 2681 879 2752 decorum
902 2679 1114 2773 personarum
1133 2705 1202 2752 non

201 2773 483 2856 ,arrimadvetterit
1193 2811 1195 2817 ·

235 2932 630 3038 'QUINTUM‘
676 2931 1157 3045 PRAECEPTUM.

224 3121 226 3125 ’
309 3221 313 3229 .
404 3117 407 3125 '
469 3103 531 3184 De
560 3122 663 3182 motu
700 3099 937 3185 Animorum.
1182 3181 1184 3184 ,

195 3251 459 3424 1ΝΟηῙιιιίς
477 3261 669 3359 esipnlclrra
684 3264 761 3357 effe,
783 3263 846 3338 &c
886 3265 969 3338 Hoc
992 3287 1199 3361 praeceptum

325 3360 447 3444 pendet
463 3355 680 3451 isuperiore:
702 3360 808 3432 adhuc
820 3364 907 3432 enim
925 3367 964 3434 de
987 3369 1111 3436 decoro
1125 3390 1199 3458 per·

182 3520 185 3525 ,
204 3445 354 3518 sonarum
379 3451 533 3525 servando
552 3456 635 3549 agit:
659 3454 712 3527 sed
730 3452 804 3550 quia
816 3458 957 3550 'insuper
981 3462 1041 3532 tria
1056 3461 1198 3536 videnda

204 3540 275 3614 sunt
292 3546 423 3632 Poeta,
436 3571 470 3621 ut
484 3551 612 3636 docent,
628 3575 777 3627 movear,
791 3550 831 3625 (7
845 3555 999 3627 delesset:
1020 3556 1088 3653 agit
1108 3581 1195 3628 nunc

203 3640 246 3711 de
260 3645 424 3733 praecipua
438 3647 488 3718 illa
503 3668 612 3739 parte,
627 3672 699 3739 quae
713 3647 815 3739 posrta
830 3651 877 3721 est
897 3652 928 3721 in
947 3671 1043 3725 motu
1061 3655 1198 3725 ahimo-

201 3759 289 3807 rum.
331 3740 422 3812 Nam
445 3762 571 3814 caetetae
591 3761 694 3833 partes
713 3746 796 3815 hanc
825 3749 1059 3821 comitantum·
1074 3751 1197 3822 docere

152 3894 155 3899 .
202 3830 292 3899 enim
308 3829 372 3902 srve
390 3837 529 3927 probare
543 3840 734 3910 necessitatis
749 3839 813 3921 est,
833 3845 994 3931 delesiare
1009 3843 1197 3930 suavitatis,

200 3925 338 4034 lleelere·
348 3932 505 4004 visioriae.
522 3935 593 4026 Qui
610 3937 711 4030 igitur
723 3943 942 4028 permovendi
957 3964 1119 4032 praecepta
1133 3960 1199 4013 tra·

200 4023 266 4108 d¹tr
281 4020 480 4118 reliquarum
501 4033 608 4105 tradit.
651 4030 733 4110 Hoc
750 4029 827 4112 vere
844 4034 890 4109 ell
911 4041 1002 4135 quod
1024 4038 1107 4110 tradi
1126 4044 1196 4109 arte

1124 4154 1196 4208 110ss
