2859 4709
540 389 838 461 uulnru.
1123 404 1198 482 215

196 518 298 593 Foeta
323 514 385 590 tibi
409 536 558 591 occurrat
583 519 690 613 patrio
713 517 881 612 popularis
908 515 941 585 in
968 542 1068 597 arvo,

249 617 363 709 Sitque
387 614 570 710 Paphageae
595 616 687 689 caula
711 618 813 690 lenna
838 614 937 686 necis.

201 714 340 805 Quique
362 712 579 808 Lycurgiden
601 715 752 787 laceravit
776 711 816 784 ab
842 710 960 783 arbore
985 721 1121 792 natum,

245 811 455 901 Idmonaque
476 812 655 891 audacem,
681 830 713 881 te
739 833 872 905 quoque
895 825 1027 900 rumpat
1058 831 1147 897 aper.

196 907 297 1000 Isque
321 906 376 995 vel
401 906 560 991 exanimis
580 906 676 979 saciat
699 906 760 977 tibi
791 908 930 985 vulnus,
952 923 988 975 ut
1015 902 1081 982 illi,

248 1006 321 1076 Ora
345 1000 442 1095 super
465 996 542 1077 sarri
563 1029 663 1097 quern
687 1005 836 1076 cecidere
862 1000 939 1074 suis.

199 1102 315 1192 Atque
336 1101 425 1170 idem
450 1096 553 1171 simile
575 1102 670 1192 pinus
692 1124 792 1195 quern
815 1115 925 1170 morte
950 1096 1114 1189 peremit,
1235 1128 1240 1138 ·

249 1195 395 1294 Phrygia
415 1215 572 1278 venator,
593 1194 695 1290 sisque
718 1196 939 1270 Berentiades.

200 1290 237 1365 Si
263 1310 317 1366 tua
339 1294 516 1390 contigerit
540 1295 675 1367 Minoas
698 1295 818 1388 puppis
841 1296 881 1364 ad
904 1293 1029 1377 undas,

249 1392 305 1463 Te
327 1414 533 1488 corcyraeum
555 1384 677 1462 Creffia
699 1391 795 1464 turba
819 1406 915 1480 petat.

201 1484 448 1582 Lapsuramque
467 1491 608 1559 domum
634 1485 770 1570 subeas,
795 1504 831 1558 ut
857 1484 987 1580 sanguis
1010 1483 1148 1565 Alebus

250 1584 353 1656 Stella
379 1583 555 1680 Lycoridae
584 1583 638 1656 cui
662 1583 726 1656 fuit
755 1607 847 1678 aequa
873 1583 958 1653 viro.

202 1680 321 1773 thue
343 1681 407 1752 vel
420 1680 552 1754 Euenus
574 1682 714 1752 torrenti
738 1676 875 1752 flumine
900 1676 1027 1751 mersus

257 1773 404 1850 Nomina
426 1779 483 1851 des
505 1777 626 1869 rapidae
648 1778 702 1848 vel
722 1776 915 1874 Tyberinus
934 1800 1038 1870 aquat-

197 1871 462 1969 Hyrtacidaeque
489 1875 592 1945 modo
621 1875 728 1945 defixa
751 1878 905 1946 cadavera
928 1889 1047 1941 trunco

249 1969 367 2064 Digna
388 1970 499 2047 seras,
521 1968 665 2043 hominis
688 1968 726 2042 lit
750 1988 847 2062 caput
871 1966 942 2039 esca
966 1987 1073 2038 tuum.

202 2068 377 2161 Quodque
402 2066 512 2137 ferunt
533 2066 714 2139 Brotheurn
744 2065 851 2139 secille
877 2064 1030 2155 cupidine
1054 2062 1198 2152 mortis,

249 2164 323 2234 Des
346 2180 401 2235 tua
424 2160 580 2237 succensu
603 2164 754 2237 membra
781 2165 953 2235 cremanda
976 2184 1078 2255 pycae.

203 2255 414 2352 Inclususque
444 2284 561 2331 necem
585 2284 682 2334 cavea
705 2260 856 2352 patiaris,
877 2278 913 2331 ut
940 2258 995 2329 ille

253 2357 337 2427 Non
363 2354 559 2447 profecturae
584 2359 738 2429 conditor
767 2356 924 2428 hilloriae..

201 2454 317 2544 thue
341 2454 500 2543 repertori
525 2454 638 2527 nocuit
666 2452 824 2547 pugnacis
847 2452 984 2536 lambi,

253 2549 307 2619 Sic
330 2547 367 2619 lit
395 2549 425 2617 in
448 2549 587 2639 exitium
610 2549 722 2645 lingua
749 2567 899 2641 proterva
927 2569 1034 2618 tuum.

205 2648 296 2719 Utve
320 2668 435 2735 parum
461 2643 562 2716 llabili
590 2648 645 2738 qui
669 2649 812 2717 carmine
835 2643 910 2716 laesrt
935 2643 1081 2715 Athenas

254 2739 384 2813 Invisus
406 2764 519 2833 pereas
545 2742 719 2814 deficiente
744 2738 831 2813 cibo.

203 2841 320 2927 thue
348 2838 445 2934 Lyrae
469 2857 562 2912 vates
584 2838 685 2911 sertor
710 2839 836 2930 periisse
862 2837 1002 2919 severae,

257 2932 365 3006 Causa
389 2932 426 3004 lit
452 2935 573 3007 excidii
599 2936 731 3008 dextera
760 2936 829 3007 laesa
857 2935 915 3005 tui.

203 3033 319 3121 thue
343 3031 613 3126 Agamemnonio
631 3033 752 3104 vulnus
774 3034 861 3103 dedit
880 3032 997 3125 anguis
1022 3029 1154 3114 Orelli,

251 3127 313 3198 Tu
337 3150 471 3220 quoque
494 3130 537 3199 de
561 3126 674 3199 morsu
695 3130 783 3202 virus
805 3130 946 3202 habente
974 3133 1078 3203 cadas.

204 3221 332 3301 Ettibi
357 3224 507 3318 conjugii
535 3247 604 3295 nox
627 3227 732 3314 prima
757 3223 925 3298 noviffima
950 3227 1050 3305 vitae,

254 3320 395 3412 Eupolis
419 3319 484 3391 hoc
504 3321 620 3412 periit,
642 3319 679 3394 δι
703 3346 788 3394 nova
812 3341 913 3412 nupta
938 3327 1054 3408 modo.

205 3419 318 3507 thue
343 3414 575 3488 cothurnatum
598 3415 725 3507 periisse
749 3418 959 3511 Licophrooa
981 3435 1131 3497 narrant»

253 3513 390 3584 Haereat
415 3513 448 3581 in
474 3512 566 3585 libris
591 3513 656 3585 lixa
683 3513 796 3606 sagitta
824 3517 913 3587 tuis:

208 3610 278 3681 Aut
306 3610 391 3682 lacer
413 3611 447 3677 in
470 3609 558 3707 sylva
581 3608 732 3680 manibus
761 3608 911 3708 spargare
934 3628 1091 3693 tuorum,

257 3703 385 3796 Sparsus
409 3719 445 3775 ut
467 3704 514 3779 est
537 3704 669 3777 Thebis
695 3728 804 3800 angue
827 3728 954 3780 creatus
975 3731 1052 3779 avo.

203 3802 336 3894 Perque
363 3797 452 3876 feros
475 3820 605 3876 montes
627 3822 720 3874 tauro
744 3804 890 3897 rapiente
916 3800 1072 3882 traharis,

255 3899 301 3974 Ut
330 3900 435 3976 naua
459 3898 505 3975 cll
526 3897 650 3994 conjux
670 3900 843 3989 imperiosa
870 3901 967 3998 Lyci.

712 3997 747 4070 Ο
771 4022 797 4095 q
1082 3995 1203 4089 Quod-3
