2859 4709
221 387 227 406 '
300 326 404 470 ι254
643 376 971 455 Gnuraue

258 513 306 602 '35
333 497 456 590 Qualia
478 494 529 575 bis
552 499 666 593 genito
690 502 821 587 Thebis
846 501 1031 575 Trieterica
1053 493 1202 579 Bacrlr‘o'r'

330 598 419 668 Tres
430 596 549 686 primas
563 597 735 670 Thracum
752 623 878 693 pugnas
890 598 994 671 tribus
1012 605 1128 674 ordine
1148 603 1262 680 sellis?

331 695 479 776 Juniadae
503 696 581 782 patri
608 695 877 797 inferiaslmrl'ere
903 695 1061 788 sepulcro

328 792 390 862 Illa
410 792 506 861 etiam
525 789 682 862 thalamos
706 816 765 880 per
788 798 870 863 trina
888 796 1061 884 aenigmata
1083 817 1258 887 quaerens,

330 885 403 1052 Qusi
416 887 539 1051 lbipes,
569 887 605 962 ii<
630 891 814 982 quadrupes
832 889 941 973 soret,
964 890 1000 964 ὃς
1021 893 1123 984 tripes
1144 898 1256 968 omnia

393 1009 490 1066 OUS,
1166 1020 1168 1025 '

258 1089 308 1176 '40
331 1081 469 1151 Terruit
493 1079 637 1151 Aoniam
662 1079 829 1160 volucris,
849 1081 925 1164 leo,
952 1083 1073 1176 virgo,
1095 1082 1254 1156 triformis

330 1176 479 1338 Sphinrpl,
514 1175 656 1249 volucris
685 1177 821 1267 pennis,
853 1179 993 1270 pedibus
1021 1179 1118 1265 fera,
1146 1179 1255 1253 fronte

274 1332 277 1337 ,
378 1296 443 1362 pue
467 1298 495 1342 a.
944 1334 946 1338 ,

327 1369 431 1440 Trina
455 1367 486 1436 in
509 1367 658 1460 Tarpeio
685 1365 814 1463 fulgent
834 1371 1158 1463 consortiatemplo.

249 1533 254 1539 ,
308 1462 487 1539 'Humana
513 1462 659 1536 efficiunt
682 1462 864 1540 habitacula
888 1487 1043 1563 tergenus
1065 1490 1183 1548 artes,

328 1560 510 1634 Parietibus
534 1562 590 1654 qui
619 1561 691 1633 saxa
716 1561 822 1644 locat,
846 1567 902 1656 qui
926 1567 1069 1635 eulmine
1094 1570 1227 1660 riguae]-

258 1679 304 1758 45
329 1664 372 1733 Et
403 1660 461 1751 qui
488 1657 641 1746 supremo
670 1660 773 1728 comit
800 1661 936 1731 tesioria
962 1661 1061 1732 cultu.

327 1757 419 1828 Hinc
436 1753 561 1825 Bromii
580 1754 787 1846 quadrantal:¹
805 1757 839 1829 ὅ(
856 1756 930 1828 hinc
942 1757 1054 1850 Sicana
1066 1759 1253 1832 Meditnna.

271 1910 276 1925 r
328 1854 410 1926 Hoc
425 1849 611 1932 tribus‚hoc
622 1851 763 1944 geminis
772 1853 874 1924 tribus
888 1855 1025 1946 explicat
1036 1856 1112 1928 ul'us
1122 1861 1250 1954 agendi.

326 1955 370 2025 In
403 1947 541 2044 physicis
573 1947 634 2019 tria
666 1947 797 2039 prima,
828 1949 949 2033 Deus,
978 1955 1154 2038 mundus,
1182 1946 1252 2026 data

377 2048 497 2119 forma.
624 2109 627 2113 .
1019 2058 1021 2062 ‘

327 2145 507 2241 Tergenus
528 2142 768 2236 omnigenum,
790 2141 942 2238 genitor,
963 2143 1129 2239 genitrix,
1146 2171 1251 2242 gene-

377 2261 495 2312 ratum.

260 2358 305 2438 50
329 2339 393 2409 Per
414 2338 511 2408 trinas
535 2333 657 2425 species
680 2335 890 2431 trigonorum
917 2339 1031 2432 regula
1053 2338 1178 2419 currit,

327 2433 531 2528 AEpuilatus‚
545 2432 596 2501 vel
614 2454 708 2509 crure
724 2434 811 2522 pari5
833 2433 887 2502 vel
909 2434 942 2501 in
961 2436 1116 2506 omnibus
1133 2436 1249 2529 impar.

325 2535 414 2605 Tres
440 2529 506 2600 coir
528 2530 560 2597 in
586 2548 692 2620 partes
713 2553 871 2600 numerus
892 2531 1072 2618 perfeslus:
1100 2551 1138 2601 ur
1160 2535 1248 2604 idem

329 2631 513 2725 Congrege
537 2641 586 2696 ter
608 2623 694 2694 trino
719 2647 779 2715 per
802 2644 852 2694 ter
876 2627 934 2697 tria
956 2625 1153 2711 dissolvatur.

265 2756 271 2763 ·
328 2728 417 2799 Tres
435 2722 579 2820 primus,
593 2744 667 2814 par,
684 2721 788 2812 impar
804 2717 922 2803 habet,
942 2723 1179 2816 mediumque,
1196 2722 1250 2794 led

374 2823 442 2894 ise
733 2818 738 2825 “
1141 2830 1144 2837 ’

258 2938 300 3016 ςς
328 2849 408 3013 Qui
421 2916 572 2999 medius,
598 2911 797 3007 quinque&
820 2913 942 3006 septem
967 2939 1102 3009 quoque
1128 2918 1247 2991 dividit
1275 2930 1277 2934 “

374 3037 470 3087 unus.

274 3112 275 3116 ’
325 3115 369 3186 Et
391 3132 530 3182 numero
553 3106 587 3175 in
607 3122 679 3179 toto
704 3107 826 3196 positus
850 3106 908 3179 sub
927 3107 1079 3179 acumine
1101 3109 1229 3190 centri,

324 3207 506 3302 Distingult
529 3201 649 3274 solidos
674 3206 762 3277 cubo
791 3221 949 3297 pergente
971 3203 1115 3276 trientes.

327 3303 523 3399 AEquipares
547 3298 702 3371 dirimens
721 3318 826 3390 partes
844 3325 887 3370 ex
905 3303 1029 3390 impare
1053 3317 1170 3372 terno:

327 3406 369 3475 Et
384 3399 514 3492 paribus
529 3395 650 3485 triplex
663 3400 831 3467 medium:
855 3419 932 3467 cum
946 3416 1101 3488 quattuor
1118 3398 1157 3469 &
1174 3394 1250 3472 sex,

256 3507 303 3584 60
327 3497 446 3591 Bisque
462 3512 698 3587 quaternorum
715 3491 890 3565 secernitur
907 3492 1082 3583 omphalos
1099 3493 1202 3564 idem.

290 3647 293 3651 f
325 3599 387 3680 Jus
408 3593 549 3683 triplex,
567 3588 685 3661 tabulae
706 3592 798 3682 quod
813 3610 862 3658 ter
879 3586 1013 3658 sanxere
1036 3611 1229 3680 quaternae,

274 3725 278 3731 ·
324 3697 481 3774 summ,
499 3685 684 3779 privatum,
706 3687 742 3761 &
756 3684 871 3779 populi
889 3707 1068 3757 commune
1085 3687 1177 3776 quod
1194 3683 1249 3756 ul·

310 3856 313 3860 .
370 3809 476 3880 quam
494 3785 551 3856 ell.
671 3823 680 3832 -
721 3831 735 3849 -.

306 3883 582 3955 ¹Interdislorum
605 3875 728 3952 trinuru
749 3900 877 3973 genus:
896 3879 987 3950 unde
1009 3874 1157 3968 repulsus

324 3980 374 4055 Vi
387 3977 506 4077 fuero,
521 3994 575 4058 aut
586 3974 708 4051 Utrobi
719 3974 838 4053 fuerit,
853 3973 1248 4141 Quorumvebonorpm.

1206 4094 1251 4140 rr·
