2859 4709
370 385 968 462 ·..8ΑτικΑΜΙν.Ι
1125 408 1193 481 3η

195 497 234 575 &
255 503 480 597 aequamen,
508 511 639 602 gemina
668 509 758 581 lance
785 513 819 581 in
846 509 953 581 libella
978 502 1192 599 suspendere:

195 622 316 671 verum
344 627 362 673 a
390 627 494 677 curvo
522 605 697 677 discernis:
724 632 840 678 verum
864 608 902 680 dt
927 605 1109 677 tortuosum
1134 602 1192 679 suo

195 697 285 785 pede
311 697 458 791 jullaque
483 702 597 794 regula
626 703 760 782 metiris.
802 705 854 773 Ac
883 701 1025 793 denique
1049 701 1082 768 in
1109 700 1195 792 judi-

195 792 251 863 cio
267 796 309 865 de
333 795 440 888 capite
460 796 547 867 thera
570 799 779 881 mortiferum
803 799 860 869 scis
878 797 1061 893 praligere.
1095 797 1195 886 Quur

149 916 152 920 ·
195 910 266 980 raon
294 893 428 983 potius,
453 894 693 976 odelicatule,
712 897 749 969 ἃ
776 894 975 967 extrinsecus
995 891 1195 972 sormol'ule,

197 1000 231 1052 te
268 985 407 1059 abstines
437 1015 455 1062 a
486 989 698 1079 popularibus
730 992 990 1065 adulationibus.
1005 989 1133 1083 juvenis
1159 985 1197 1060 &

196 1078 306 1161 levis,
333 1082 369 1158 δί
396 1087 502 1176 aptior
526 1090 566 1157 ad
597 1087 802 1162 helleborum
831 1087 1050 1168 sorbendum,
1081 1103 1117 1157 ut
1150 1080 1197 1155 sa-

196 1176 295 1268 piac,
319 1204 418 1273 quam
443 1183 484 1253 ad
511 1185 675 1272 populum
701 1186 966 1278 gubernandum.

248 1276 327 1372 Age
353 1277 418 1369 jam
447 1277 499 1348 dic
522 1279 633 1350 mihi:
663 1283 753 1371 Quae
787 1282 847 1352 tibi
872 1277 998 1352 summa
1027 1278 1108 1350 boni
1140 1277 1199 1351 esl.

195 1368 327 1444 Nonne
350 1372 458 1452 bene,
480 1372 516 1446 ἃ
539 1376 673 1469 opipare
695 1401 852 1448 coenare:
879 1376 914 1449 ὅ(
941 1380 982 1446 ad
1009 1374 1110 1446 solem
1137 1400 1198 1448 cu-

196 1490 270 1540 rare
298 1471 437 1545 cutem?
475 1469 556 1542 Hoc
593 1473 682 1541 idem
710 1473 746 1547 dc
777 1472 903 1544 anicula
930 1471 1001 1544 haec
1029 1473 1104 1543 vilis
1132 1495 1197 1562 op-

197 1577 265 1646 tat,
289 1565 326 1638 &
350 1584 510 1654 procurat.
555 1569 711 1644 Inunc,
737 1567 995 1649 &intumesce,
1019 1571 1109 1660 quod
1136 1593 1196 1663 ge·

149 1700 153 1704 -
198 1659 317 1732 nerose
344 1662 568 1735 Dinomaches
596 1664 633 1734 sis
655 1663 760 1746 filius,
786 1666 822 1739 ὅς
846 1684 879 1735 te
902 1667 1010 1736 nullus
1028 1665 1197 1755 pulchrior

198 1756 404 1846 reperiatur:
430 1759 464 1827 Si
485 1780 596 1831 tamen
621 1760 692 1831 haec
719 1758 920 1853 pannosaq&
947 1761 1020 1834 vilis
1048 1762 1198 1842 anicula,

199 1872 278 1940 quae
307 1859 446 1948 ocyma,
471 1856 590 1930 &alia
619 1858 787 1950 legumina
815 1858 980 1929 cantillans
1009 1861 1120 1928 vendit
1146 1859 1198 1927 vl-

198 1945 286 2020 libus
317 1953 425 2022 vernis
452 1953 487 2027 &
514 1953 648 2045 popello
677 1974 805 2051 tecum*
824 1953 963 2031 sentiar,
1000 1952 1036 2023 dt
1065 1956 1098 2023 in
1129 1977 1198 2045 op-

198 2049 298 2119 tando
325 2047 457 2119 summo
490 2047 582 2122 bono
618 2048 814 2143 temetipso
847 2075 915 2122 uon
941 2050 1077 2122 inferior
1106 2073 1200 2142 prae·¹

201 2141 335 2214 dicetur.
381 2193 384 2198 -
927 2138 937 2163 '

247 2241 321 2330 Qui
348 2242 383 2312 fit
410 2259 446 2313 ut
470 2267 570 2315 nemo
598 2245 631 2315 in
659 2242 726 2317 sese
752 2263 854 2318 tentet
881 2243 1106 2325 descendere,
1137 2251 1198 2314 ne-'

200 2360 256 2407 mo
289 2337 417 2431 estqui
445 2341 522 2412 vitia
547 2339 602 2414 sua
630 2341 808 2434 inspiciat,
845 2340 901 2414 sed
930 2340 1095 2422 mantica,
1124 2364 1197 2431 quae

200 2431 233 2502 in
259 2452 356 2528 tergo
382 2439 593 2526 praecedentis
621 2437 755 2510 viatoris
783 2438 852 2519 est,
885 2437 1080 2533 inspicitur,
1111 2461 1199 2508 nun·

202 2554 300 2622 quam
336 2530 427 2624 prior
447 2556 564 2625 ,qua
591 2553 723 2625 peccata
757 2535 862 2606 nnllra
894 2536 1049 2605 continet.
1101 2534 1146 2601 Ut
1175 2529 1199 2599 si

201 2650 349 2717 quaeras:
388 2629 561 2703 Nosti-ne
599 2630 738 2704 Vellidii
775 2632 923 2721 praediat
971 2624 1199 2716 Respondebit

201 2723 306 2794 alius:
331 2723 456 2811 Cuius,
476 2727 592 2819 inquis.
634 2728 802 2799 Dicis-ne
825 2729 942 2810 illurn,
963 2725 1019 2817 qui
1046 2725 1077 2792 in
1101 2722 1200 2796 Curi·

200 2817 264 2890 bus
285 2836 409 2890 tantum
429 2842 496 2894 arat
517 2847 696 2918 agrorum,
722 2841 880 2916 quantum
905 2847 972 2894 non
994 2821 1113 2891 milvus
1135 2818 1199 2889 cir·

201 2916 293 2986 coire
323 2915 440 3007 potell.
480 2921 612 3001 Illum,
640 2919 701 2991 diis
728 2921 847 3001 iratis,
876 2919 912 2994 ἃ
946 2919 1047 3012 genio
1075 2915 1198 2988 linillro

201 3030 332 3083 natum:
356 3016 413 3104 qui
436 3008 710 3107 quandocumque
731 3019 772 3086 ad
796 3016 944 3106 compita
968 3034 1106 3086 ventum
1132 3011 1200 3091 est,

201 3107 258 3177 ubi
285 3107 434 3202 figuntur
459 3132 560 3184 aratra
583 3110 658 3204 post
682 3111 766 3204 jada
793 3110 913 3183 semina
941 3128 977 3181 ut
998 3110 1117 3182 festum
1143 3132 1200 3178 ce·

201 3203 369 3276 lebretur:
395 3209 461 3278 adit
487 3208 602 3281 seriam
636 3209 705 3280 vini
733 3209 873 3280 veteris:
907 3206 961 3277 sed
991 3205 1200 3278 tremens&

200 3324 339 3393 gemens
364 3305 480 3375 radere
505 3306 623 3376 limum
649 3303 737 3374 dicit.
780 3303 862 3375 Hoc
886 3301 971 3373 bene
996 3302 1054 3380 lit,
1074 3301 1111 3375 ἅ
1139 3297 1202 3369 be-

201 3419 244 3467 ne
268 3415 398 3471 verrat.-
431 3420 508 3473 tunc
535 3404 690 3476 mordens
722 3425 805 3490 cepe
835 3400 962 3474 tunicas
999 3423 1077 3470 cum
1110 3395 1201 3490 sale,

202 3492 286 3565 offer
311 3496 462 3567 sarratam
482 3500 579 3570 ollam
605 3495 739 3588 pueris,
764 3520 864 3588 quam
881 3495 928 3566 illi
947 3494 1095 3566 maximo
1120 3515 1200 3563 cum

201 3591 335 3681 plausu,
357 3612 510 3683 tanquam
533 3597 709 3686 opiparum
729 3594 904 3684 prandium
928 3591 1109 3682 accipiunt:
1129 3588 1201 3679 ipse

201 3708 314 3760 autem
338 3689 463 3761 soecem
488 3689 665 3784 pannosam
691 3690 862 3761 morientis
889 3684 957 3759 vini
982 3683 1103 3761 sorbet.

250 3794 297 3856 At
323 3810 402 3857 vero
430 3811 552 3861 contra.
593 3789 627 3858 Si
652 3783 719 3856 sole
746 3807 843 3859 cures
868 3783 1203 3869 enumerandus

201 3882 315 3974 jaceas
332 3879 496 3974 supinus,
519 3909 588 3957 non
620 3883 725 3956 deerit
750 3884 886 3978 ignotus
918 3879 1033 3969 aliquis
1055 3877 1202 3974 philolo.

200 3974 1204 4150 fflfflmquoemmmmmdummmffffiffi

206 4130 210 4137 ’
1193 4115 1205 4159 r
