2859 4709
280 467 337 541 o'a
363 481 476 544 sinu
497 420 672 542 'Orthrn
711 467 825 542 tihi.
851 468 888 542 C.
907 470 954 560 32*
1055 464 1127 566 ‘529¹

213 585 300 673 sine,
324 615 445 662 omnes·
465 617 533 666 uno
557 590 693 662 nomine
718 572 845 660 Pontici
871 589 1041 662 dicuntur:
1071 593 1126 663 Ad

204 707 254 768 m,
277 687 461 761 Moeotici:
485 692 527 763 ad
550 688 703 771 Tanain,
728 687 944 758 Sauromata.

400 866 506 951 ca
531 865 562 950 Ρ
587 865 694 950 ur
753 825 854 949 111.

217 977 224 1081 ⁵.
286 1011 291 1044 ¹
325 982 480 1120 Summa
517 1034 675 1148 Europe
704 976 911 1148 descriptio.

212 1200 320 1295 Uropa
348 1203 507 1291 terminos
526 1200 646 1281 habet,
670 1198 711 1271 ab
735 1200 873 1270 Oriente
895 1195 1060 1277 Tanaim,
1089 1190 1126 1268 &

221 1299 389 1388 Moeotida
401 1341 412 1378 ‚
425 1299 462 1372 dt
475 1301 637 1370 Pontum:
651 1293 668 1364 h
687 1297 855 1380 Meridie,
875 1294 1000 1387 reliqna
1024 1288 1127 1363 noiiri

214 1419 239 1466 r:
256 1395 297 1466 ab
317 1395 501 1466 Occidente
523 1391 746 1463 Atlanticum:
771 1393 789 1460 'a
810 1387 1145 1483 septentrione‘ssri«

215 1492 502 1569 cumOceanum.
544 1491 615 1560 Ora
640 1488 732 1579 ejus,
758 1489 866 1558 forma
892 1488 1072 1559 littorum:
1104 1479 1124 1552 ir

215 1588 232 1659 ri
258 1588 300 1658 ad
327 1585 616 1676 Hellespontum,
640 1581 704 1678 qui
729 1586 799 1677 ripa
825 1583 871 1654 esi
895 1585 974 1653 dieti
996 1583 1125 1660 amnis,

216 1682 334 1754 Flexum
356 1681 482 1771 paludis
500 1685 540 1754 ad
562 1679 771 1772 Bosphorum
794 1680 934 1775 redigit,
952 1679 1016 1771 qu'a
1036 1681 1125 1749 Pon·
1195 1689 1202 1697 ‘

216 1778 423 1869 Propontidi,
452 1778 489 1851 &
512 1777 723 1870 Hellesponti
750 1779 850 1849 latere
874 1775 1022 1868 adjacet,
1045 1796 1127 1846 con·

217 1898 226 1947 ς
251 1872 412 1945 littoribus
443 1872 530 1947 Asrae
559 1897 627 1944 non
658 1871 807 1966 opposita
833 1873 971 1953 modo,
1006 1893 1125 1945 verum

218 1995 224 2042 ι
248 1969 359 2043 fimitis
387 1968 443 2040 esi.
483 1972 567 2042 Inde
591 1973 632 2041 ad
647 1969 781 2055 ,fretum
803 1993 890 2055 nunc
914 1966 1002 2039 vaste
1021 1985 1126 2039 retra·

233 2090 321 2138 nunc
347 2069 569 2157 prominens,
596 2085 662 2140 tres
693 2066 857 2138 maximos
884 2063 971 2140 finus
997 2063 1125 2144 efficit,

220 2187 329 2257 imque
344 2163 377 2232 in
394 2162 495 2237 eitum
515 2163 547 2248 se
565 2165 694 2259 magnis
709 2162 873 2235 frontibus
895 2159 1017 2235 evehit.
1054 2161 1126 2234 Ex·

221 2278 313 2355 etum
338 2260 378 2331 ad
389 2259 603 2344 ‚occidentem
627 2259 795 2353 inaequalis
819 2261 1023 2339 admodum,
1040 2281 1125 2351 prae·

246 2357 375 2438 media,
408 2355 472 2451 quit
501 2360 664 2449 procurrit
691 2359 731 2429 ad
757 2353 1040 2447 septentrionem,
1065 2354 1124 2426 nist

224 2455 318 2535 rmel,
344 2455 532 2544 iterumque
555 2453 671 2548 grandi
696 2450 820 2524 recessu
846 2452 1040 2533 abducitur,
1066 2477 1126 2542 pe·

225 2569 246 2625 rt
267 2549 520 2641 dirediolimite
539 2567 669 2622 extenta
684 2548 741 2620 est.
780 2550 880 2620 Mare
902 2551 993 2641 quod
1012 2547 1124 2638 primo
1181 2598 1185 2606 ·

226 2647 354 2740 recipit,
369 2648 525 2740 AEgaeum
542 2644 678 2719 dicitur:
702 2647 794 2739 quod
816 2643 985 2741 sequenti,
1007 2643 1041 2712 in
1065 2647 1125 2714 ore

227 2743 282 2812 m':
316 2744 522 2814 Adriaticum
552 2743 721 2830 interius}
756 2743 848 2835 quod
878 2741 1028 2830 ultimo,
1060 2763 1125 2812 nos

227 2865 319 2922 nrm,
343 2838 462 2920 Graii,
486 2838 705 2933 Tyrrhenum
730 2838 913 2929 perhibent.
955 2840 1124 2912 Gentium

249 2935 295 3007 esi
320 2933 473 3030 Scythia,
496 2936 555 3006 asia
577 2960 677 3029 quarn
701 2934 788 3007 dieta
812 2933 881 3004 est:
907 2929 925 3004 'a
950 2934 1059 3008 Tanai
1082 2934 1125 3007 ad

252 3032 359 3104 ferme
384 3030 511 3101 Pontici
533 3031 664 3116 lateris,
688 3030 765 3101 hinc
780 3032 824 3101 in
845 3031 1003 3127 AEgaeum
1031 3055 1149 3123 mare}

229 3152 329 3205 rens,
362 3126 530 3209 Thracia,
569 3127 647 3200 huic
684 3127 886 3200 Macedonia
921 3128 1125 3222 adjungitur.

237 3224 370 3298 Graecia
393 3225 584 3316 prominet,
609 3226 834 3319 AEgaeumque
855 3223 897 3295 ab
918 3223 1020 3296 Ionio
1038 3227 1124 3296 mari

233 3336 253 3388 t.
294 3322 454 3393 Adriatici
478 3322 561 3392 latus
580 3321 692 3416 Illyris
717 3338 866 3414 occupat.
903 3320 997 3390 Inter
1016 3318 1125 3411 ipsum

229 3416 326 3512 :icum
339 3416 375 3506 de
389 3415 566 3494 Thuscum
583 3418 677 3491 Italia
698 3413 874 3509 procurrit.
918 3415 961 3484 In
981 3413 1123 3492 Thusco

230 3513 371 3589 >Gallia
391 3511 436 3584 esi
459 3512 565 3592 nitra,
590 3513 750 3605 Hispania
765 3513 826 3586 est.
863 3511 953 3584 Haec
977 3511 1010 3583 in
1031 3516 1124 3589 occi-

230 3633 286 3691 n,
321 3609 462 3702 denique
488 3604 586 3683 etiam
619 3612 660 3681 ad
695 3606 951 3702 septentrionem
987 3602 1123 3683 diver'sta
1159 3679 1161 3684 .

231 3729 281 3778 rus
306 3707 426 3798 vergit.
465 3705 598 3784 Deinde
622 3703 731 3777 rursus
750 3707 862 3782 Gallia
880 3705 927 3778 est
944 3705 1067 3801 longe,
1084 3705 1123 3782 δί
1175 3702 1177 3705 ’

235 3801 277 3874 ris
305 3802 467 3874 littoribus'
490 3798 657 3897 hucusque
682 3803 847 3892 promissa.
884 3802 940 3898 Ah
961 3829 999 3878 ea
1023 3797 1134 3880 Ger·-

233 3902 273 3972 ad
298 3904 458 3973 Sarmatas
483 3899 719 3995 porriguntur,
739 3899 787 3970 ilii
810 3903 852 3974 ad
871 3897 997 3974 Asiam.
1032 3898 1123 3972 Herc

234 4022 336 4092 tropa.
748 4012 754 4033 ¹

217 4189 376 4318 hiantis
385 4193 492 4292 oper,
518 4186 557 4273 T
561 4222 639 4279 om.
651 4197 713 4279 11.
870 4199 938 4276 Li
1085 4183 1212 4298 Cris-r
