2859 4709
261 409 333 497 284
521 408 692 477 Attut
743 400 993 473 Pnttstt

258 531 440 612 Caedimus,
466 530 558 625 inque
580 537 681 605 vicem
702 533 882 629 praebemus
904 556 997 602 cruta
1012 529 1162 624 sagittis.

259 629 394 703 Vivitur
422 631 479 697 hoc
502 630 614 722 pallo,
633 628 679 725 fic
703 633 869 701 novimus:
893 630 950 698 ilia
967 627 1080 720 salter

259 726 384 795 Canum
411 725 529 794 vulnus
555 727 672 804 hules,
689 729 752 811 sed
780 727 846 796 lato
871 725 1014 794 baltheus
1034 748 1115 793 auro

258 822 430 916 Protegit,
454 844 488 890 ut
514 824 637 905 mavis,
660 823 703 891 da
728 820 904 900 veritae&¹
930 820 1039 912 decipe
1061 842 1179 891 nervos

260 921 297 989 Si
318 941 427 1013 pates,
453 922 616 1012 egregium
645 942 713 987 cum
736 944 785 988 me
812 917 934 989 vicinia
960 916 1047 986 dicat

260 1016 341 1086 Non
366 1012 510 1084 credam?
535 1011 603 1097 viso
622 1011 652 1106 fi
674 1015 802 1106 palles,
827 1011 986 1104 improbe,
1010 1034 1137 1082 nummo
1151 1051 1164 1087 ,

260 1110 300 1181 Si
315 1107 402 1198 sacis
426 1112 460 1177 r‘n
485 1131 594 1202 penem
618 1109 765 1203 quicquid
793 1110 853 1178 tibi
874 1109 961 1180 venit
985 1133 1154 1186 amarum,

261 1207 304 1277 Si
324 1205 434 1297 puteal
463 1208 564 1274 multa
590 1227 700 1274 cautus
726 1205 830 1276 vibice
847 1205 1028 1300 flagellas,

262 1302 318 1372 Ne
343 1301 506 1394 quicquam
528 1303 649 1396 populo
677 1301 802 1371 bibulas
826 1302 998 1372 donaveris
1021 1322 1128 1372 attrcs.

262 1392 397 1482 Respue
424 1399 513 1483 quod
539 1422 605 1467 non
631 1419 689 1467 es:
718 1398 810 1466 tollat
828 1398 892 1483 sua
918 1419 1050 1465 munera
1073 1394 1189 1467 cerdo:

263 1490 380 1563 Tecum
405 1491 533 1569 habita,
555 1495 596 1570 (t
622 1494 714 1563 noris
738 1517 831 1587 qnam
847 1490 893 1586 fit
913 1492 973 1563 tiltt'
999 1509 1091 1564 curta
1103 1492 1261 1589 supellex.

555 1685 697 1755 sAT
722 1685 753 1755 Y
783 1683 877 1755 Ra
925 1686 973 1760 v.
1083 1647 1088 1656 ’

268 1869 482 2046 VAtilus
508 1877 559 1948 hic
584 1902 653 1946 mos
671 1822 734 1969 esl,
754 1900 877 1950 centum
893 1822 1100 1973 filiqoscere
1123 1900 1243 1957 voces,

374 1973 505 2043 Centum
527 1999 584 2042 ora
598 1972 637 2044 (7
650 1975 779 2067 linguas
792 1993 902 2067 optare
917 1979 951 2045 in
965 1979 1107 2046 carmina
1123 1995 1263 2046 centnm:

267 2067 388 2138 Fabula
402 2068 462 2152 seu
488 2067 588 2160 masio
611 2089 751 2162 ponamr
781 2074 899 2141 hianda
924 2072 1081 2163 Tragoedo

266 2166 415 2239 Vulnera
431 2165 492 2249 seu
516 2167 630 2236 Parthi
654 2167 799 2236 ducentis
826 2167 865 2234 ab
890 2170 1019 2262 inguine
1037 2162 1176 2257 serrum.

265 2259 425 2348 Quorsum
450 2261 537 2337 haec,
564 2282 619 2329 aut
644 2285 781 2354 quantas
804 2260 918 2356 robusli
941 2260 1088 2335 carminis
1111 2259 1197 2357 offas

266 2359 415 2449 Ingerit,
440 2375 474 2423 ut
498 2374 560 2448 par
578 2353 623 2446 fit
649 2379 779 2427 centeno
800 2381 936 2451 gutture
960 2363 1042 2437 triti,

268 2453 396 2525 Grande
424 2452 561 2522 locuturi
585 2452 718 2522 nebulas
747 2456 904 2526 Helicone
929 2456 1080 2549 legunto,

269 2551 309 2620 Si
334 2550 445 2642 quihus
470 2571 525 2617 aut
549 2552 713 2642 Prognes,
737 2575 792 2620 aut
808 2548 840 2642 fi
864 2552 983 2645 quibus«
998 2551 1062 2619 olla
1082 2544 1235 2644 Thyeslae

243 2646 415 2715 ,Feruehlt
429 2687 441 2721 ‚
456 2647 546 2738 saepe
571 2645 683 2732 insulso
710 2647 858 2718 canania
889 2648 1034 2744 Glyconi.

269 2742 322 2811 Tu
346 2767 443 2834 neque
470 2743 652 2836 anhelanti,
682 2745 826 2834 coquitur
850 2744 924 2815 dum
947 2742 1040 2833 massa
1064 2742 1215 2821 camino,

269 2839 358 2908 Folle
378 2841 497 2930 premit
524 2859 660 2913 ventos,
687 2861 744 2908 nec
772 2840 875 2925 clauso
900 2860 1058 2910 murmure
1084 2860 1202 2908 raucus

269 2934 388 3018 Nescio
413 2935 488 3027 quid
513 2948 615 3004 tecum
636 2956 739 3025 grave
766 2939 941 3007 cornicaris
967 2936 1097 3028 inepte,

270 3031 345 3102 Nec
360 3028 491 3122 seloppo
516 3030 657 3099 tumidas
684 3029 989 3124 incendiorumque
1015 3032 1143 3099 tuccas.

273 3125 311 3198 V
309 3126 383 3195 erla
409 3146 494 3219 togae
509 3125 675 3219 sequeris,
692 3124 848 3216 junilura
876 3127 1017 3197 callidus
1041 3119 1112 3193 acri

199 3254 206 3267 f
273 3224 340 3293 Ore
362 3243 448 3291 teret
472 3222 618 3298 modico,
641 3222 798 3313 pallentes
825 3226 939 3293 radere
964 3244 1076 3303 mores¹
1137 3282 1140 3288 .

272 3317 420 3393 Dollus,
448 3313 487 3387 (T
513 3319 649 3410 ingenuo
676 3319 800 3410 culpam
825 3315 964 3412 defigere
990 3318 1074 3387 ludo.

272 3416 360 3483 Hinc
383 3414 489 3490 trahe,
511 3438 580 3506 que
602 3411 714 3488 dicas,
730 3414 928 3508 mensamque
947 3414 1088 3506 relinque
1103 3409 1255 3502 Mycenis

272 3512 350 3580 Cum
376 3511 496 3602 capite,
517 3509 557 3585 ὠ·
582 3508 744 3603 pedihus,
763 3509 947 3603 plebeioque
976 3509 1113 3603 plandia
1139 3512 1238 3578 naris.

270 3607 351 3677 Non
373 3609 516 3699 equidem
541 3607 599 3676 hoc
611 3597 745 3694 sludeo,
765 3606 895 3676 bullatis
919 3627 955 3676 ut
982 3606 1059 3673 mihi
1080 3605 1179 3699 nugis

271 3704 401 3796 Pagina
428 3701 610 3796 turgescat,
641 3702 720 3770 dare
743 3705 871 3794 pondus
897 3702 1012 3799 idonea
1026 3699 1134 3791 sumo.

272 3798 397 3872 Secreti
424 3798 603 3891 loquimur,
627 3794 685 3864 tihi
712 3821 796 3866 nuuc
820 3799 966 3868 hortante
990 3800 1137 3870 Cumana
1215 3846 1218 3851 -

271 3893 477 3965 Excutienda
501 3897 611 3963 damus
627 3893 826 3985 pracordia,
845 3914 1022 3987 quantaque
1046 3892 1158 3987 noslrae

147 4080 160 4089 ι
269 3991 359 4066 Pars
382 4010 439 4085 tua
458 3985 527 4087 stt,
555 3991 720 4074 Cornute,
740 3989 878 4069 amma,
900 3990 960 4071 tt'lr'
980 3989 1087 4063 dulcis
1109 3988 1224 4180 mil
1254 3996 1257 4001 '

937 4106 940 4113 ·
1012 4118 1015 4124 ·
1166 4088 1279 4159 Oeen
