2859 4709
620 437 642 532 <
667 458 724 525 .11
761 441 782 535 )
1112 434 1117 443 ’

195 771 1205 889 Wbbiibiibbiiiffibiffiiitii

264 967 1142 1125 PARADOXONL

318 1150 446 1239 Unius
474 1156 588 1240 Vocis
616 1162 729 1243 unica
758 1157 807 1272 est
834 1158 1076 1276 Significatin

205 1337 1200 1530 tt·itittitt{t‘tfflp‘sstsstt'tdi‘tttttss
1246 1355 1254 1385 '

149 1506 161 1555 ·.
211 1515 385 1657 Q&
415 1536 524 1607 audiat
551 1485 792 1618 Aristotelem’,
818 1560 917 1629 quem
947 1533 1114 1604 sententiae
1139 1558 1201 1604 no·

196 1598 255 1703 ²⁵3
268 1623 355 1711 ss!
415 1628 483 1702 strae
506 1635 711 1724 praecipuum
730 1631 870 1705 facimus
894 1629 1117 1715 adsertorem
1141 1629 1199 1722 qui

307 1746 310 1751 ’
426 1751 475 1797 res
487 1748 600 1800 natura
620 1729 760 1802 diversas
774 1753 843 1800 uno
863 1728 998 1798 nomine
1012 1722 1102 1819 poffe
1123 1726 1200 1820 qui-

191 1815 284 1887 dem
304 1820 416 1893 vocari
437 1825 556 1903 docet,
575 1825 631 1897 sed
652 1851 711 1919 per
731 1828 937 1917 analogiam,
962 1824 995 1893 id
1017 1821 1082 1904 est,
1103 1847 1196 1893 com·

193 1915 427 2004 patarinum,
450 1924 502 1995 vel
531 1927 794 2013 proportionem.
821 1925 1019 2019 Homonyma
1039 1919 1198 2009 (inquit)

149 2088 151 2095 .
186 2007 353 2091 dicuntur
373 2041 503 2112 quorum
519 2019 627 2105 solum
650 2044 762 2106 pernen
786 2042 947 2090 commune
970 2011 1034 2106 eft,
1055 2015 1199 2102 definitio

193 2102 273 2178 verb
299 2134 426 2183 naturae
455 2117 544 2186 eirca
572 2119 656 2189 illuct
683 2141 797 2187 nomen
827 2117 896 2184 alia
925 2134 1021 2206 atque
1045 2112 1129 2180 alia:
1162 2131 1198 2181 υτ

194 2205 319 2276 mima!
342 2214 429 2302 quoti
452 2208 495 2305 est
516 2213 628 2291 homo,
647 2216 688 2290 (J
705 2216 739 2286 id
763 2218 848 2308 quod
868 2214 1026 2310 pingitur.
1062 2208 1146 2297 Quo
1165 2207 1199 2276 in

195 2297 274 2371 loco
297 2326 473 2396 perperam
498 2312 596 2380 vertit
623 2310 785 2392 Boetius,
817 2302 1196 2407 AEquivoca'dicumur.

195 2395 289 2469 Nam
313 2424 424 2493 neque
448 2408 664 2499 equivocum⁴
684 2433 754 2482 vox
780 2411 895 2482 Latina
920 2405 990 2490 est,
1014 2426 1123 2492 neque
1150 2400 1198 2471 sa·

194 2495 236 2565 tis
261 2497 302 2566 ad
328 2499 513 2573 Aristotelis
536 2526 682 2575 mentem
705 2502 963 2587 necommodata.
1003 2497 1197 2592 Homony-

195 2612 279 2662 mon
293 2597 384 2666 enim
406 2617 547 2670 concors
563 2601 596 2670 in
614 2627 719 2684 voce,
739 2603 795 2676 seu
815 2605 917 2675 fimite
938 2602 972 2668 in
993 2617 1077 2664 voce
1099 2591 1198 2686 figni-

196 2686 283 2760 ficat.
334 2693 453 2789 Itaque
477 2698 679 2771 tolerabilius
702 2718 870 2777 verteret,
895 2695 1052 2786 Analoga
1083 2691 1197 2796 dirun-

195 2804 271 2868 tur,
288 2786 361 2863 &n
401 2794 478 2887 Ego
505 2791 617 2877 οετῐὲ,
646 2795 670 2866 st
698 2795 890 2869 nominibus
913 2790 1055 2866 barbaris
1084 2808 1131 2856 utr
1155 2787 1197 2855 li-

149 2939 151 2983 !
195 2900 304 2970 teret3
333 2912 407 2979 quae
432 2889 480 2962 isti
501 2908 621 2963 vorant
644 2897 842 2987 aequivoca‚
864 2892 1006 2964 univoca
1030 2909 1198 2974 nuncupa·

192 3002 287 3051 rem:
316 2983 354 3057 δ(
376 2987 486 3061 rursus
507 3009 582 3081 quae
603 2989 665 3062 iliis
684 2993 845 3069 univoca,
865 2989 946 3058 mihi
968 2986 1066 3056 essent
1090 2982 1197 3072 aequi-

194 3095 289 3147 voca.
333 3080 374 3151 Id
405 3085 495 3174 quod
521 3083 718 3158 Aristotelea
751 3086 904 3178 exempla
928 3081 1101 3156 ostendunt
1126 3077 1197 3167 pla-

149 3222 151 3257 ,
194 3167 336 3246 niffimb.
374 3178 464 3268 Quae
487 3179 511 3251 st
533 3181 635 3274 hebes
658 3184 919 3257 Diaieiticorum
943 3200 1083 3251 acumen
1107 3197 1196 3242 con-

149 3298 151 3303 ·
194 3265 380 3352 fiteraffeo
405 3300 471 3348 non
496 3279 580 3349 inter
603 3294 653 3351 tot
674 3281 823 3353 tenebras
847 3281 1004 3352 haetenus
1026 3268 1196 3348 versaren-

195 3380 259 3439 tur.
307 3369 387 3442 Nec
412 3371 582 3468 quisquam
607 3373 692 3446 mihi
718 3376 791 3470 jure
824 3377 960 3470 objiciet
986 3390 1037 3443 tot
1063 3387 1197 3454 tempo-

193 3484 268 3534 rum
283 3468 468 3549 curricula,
492 3473 524 3540 in
541 3470 662 3567 quibus
679 3472 806 3564 semper
822 3475 892 3566 haec
910 3475 954 3542 ita
972 3468 1089 3539 tradita
1105 3462 1198 3544 sunt,

194 3556 230 3632 ὰ
251 3585 315 3652 pto
336 3567 425 3638 veris
447 3566 578 3652 habita3
602 3593 677 3644 nam
694 3573 838 3668 ptffiffor
859 3572 954 3648 malae
962 3565 1045 3655 fidei
1066 3561 1135 3649 (ut-
1150 3559 1197 3629 est

195 3661 282 3744 apud
290 3661 314 3740 J
315 3664 568 3761 ureconsultos)
582 3694 742 3765 nimquam
755 3670 853 3767 potest
873 3662 1087 3764 praescrr‘bere.
1121 3656 1196 3726 No-

194 3748 243 3822 bis
269 3755 406 3854 (inquit
438 3762 484 3832 D.
505 3766 737 3863 Augustinus)
768 3772 824 3864 qui
857 3769 985 3839 rarione
1010 3753 1197 3834 vincimus,

188 3842 317 3947 frustra
340 3857 529 3945 consuetudo
556 3860 722 3957 objicitur,
750 3862 839 3960 quafi
871 3855 1078 3965 consuetudo·
1092 3853 1196 3942 major

189 3939 232 4037 [ff
262 3952 415 4027 veritate.
467 3959 578 4033 Divus
613 3954 702 4037 cerie
739 3963 893 4035 Thbmas
929 3951 1197 4050 diligennffimus

198 4040 382 4126 arboreto
404 4049 612 4134 &veritatis
637 4062 817 4154 interpres,
840 4058 925 4158 saepe
955 4054 1054 4137 aliis,
1076 4046 1196 4215 sebe?

734 4177 736 4181 ’
825 4185 828 4191 ·
887 4210 891 4217 ,
1140 4160 1202 4216 to
