2859 4709
384 413 998 490 sdnno‘rnrronat.
1129 424 1201 502 249

249 555 336 629 217.
359 539 406 612 Ut
427 565 521 612 cruor
541 535 751 626 Herculeos.)
774 536 904 608 Tunica
920 547 1076 607 venenata
1091 555 1200 603 mem-

196 629 262 705 bra
285 634 443 709 Herculis
468 657 617 728 correpta
641 635 726 707 sunt.
771 634 915 706 Ovidius
942 637 1080 703 Metam.
1104 627 1142 701 ὅ(
1164 628 1198 698 in

155 774 158 779 -
201 729 349 821 Epistola
375 733 558 827 Dejonirae.

247 846 331 918 217.
355 825 434 920 Quo
450 828 514 915 sua
537 824 748 914 Pentridem.)
776 828 876 899 Butes
892 823 1042 922 Lycurgi
1064 821 1149 894 filius
1165 819 1200 889 itt

199 920 388 1088 νῗράἰᾶαιέ
402 926 501 1017 patris
525 921 840 1006 attrectationi,
864 920 1001 1011 bacchas
1026 921 1104 991 diris
1125 915 1198 1006 sup-

198 1040 307 1106 ptcns
337 1046 354 1090 a
380 1037 454 1092 ecit.
1218 1077 1222 1084 .

249 1115 592 1211 multipertita.)
614 1115 754 1186 Milonis
767 1113 970 1187 Crotoniatae
980 1110 1117 1184 historia
1129 1104 1201 1201 pas·

198 1207 260 1280 sam
286 1213 492 1307 defamatur,
516 1209 683 1282 Pausanias
709 1212 772 1281 late
794 1209 1014 1303 prosequitur.

249 1309 332 1384 218.
355 1307 606 1402 Muneribusque
630 1309 696 1379 tuis
715 1308 879 1399 laedaris.)
903 1308 1017 1378 Icarus
1033 1304 1200 1398 Erigones

199 1423 293 1496 pater
315 1429 419 1495 quum
441 1404 510 1476 vini
528 1401 625 1474 usum
645 1405 773 1474 Atticos
796 1406 934 1475 colonos
958 1401 1134 1481 docuisset,
1157 1396 1199 1466 ab

199 1499 276 1588 ipfis
298 1501 397 1572 ebriis
417 1501 631 1590 interemptus
654 1498 721 1580 est,
742 1499 929 1592 putantibus
953 1521 1118 1570 venenum
1138 1492 1200 1564 sibi

199 1597 328 1670 datum,
365 1594 446 1670 Filia
468 1619 548 1668 vero
577 1597 726 1688 Erigone
757 1600 864 1668 audita
889 1596 989 1686 patris
1011 1611 1120 1666 morte
1144 1592 1199 1659 la·

199 1716 294 1783 queo
330 1691 432 1764 vitam
461 1691 579 1765 finivit.
633 1691 794 1788 Hyginus
824 1695 858 1764 in
889 1692 1016 1790 po'e'tiro
1049 1686 1199 1783 nstronon

199 1810 298 1859 mrco.
361 1844 364 1849 .

249 1886 334 1961 218·
360 1881 599 1983 Objlruliusqur
619 1883 780 1977 samem.)
806 1887 860 1957 Sic
889 1885 1098 1978 legendum,
1130 1901 1199 1950 non

200 1978 373 2073 odslrislus.
403 2006 477 2052 nam
503 1985 648 2076 loquitur
675 1987 715 2054 de
739 1981 894 2055 Pausania
919 1977 1201 2053 Lacedaemonio·

200 2100 275 2146 rum
295 2081 402 2157 dure,
419 2080 475 2169 qui
494 2081 688 2171 proditionis
707 2084 876 2150 damnatus
891 2080 926 2146 in
947 2075 1111 2166 templum
1129 2073 1200 2141 Pala

201 2171 281 2244 ladis
316 2173 541 2248 Chalcidoniae
575 2176 754 2270 confugit,
785 2175 844 2248 ubi
874 2175 962 2245 fatue
995 2173 1129 2243 condius
1152 2167 1200 2274 esi

201 2271 298 2339 mori.
338 2269 426 2341 Haec
449 2270 647 2351 Thutididis
673 2275 727 2344 lib.
743 2295 771 2345 t.
799 2274 921 2345 addunt
948 2270 1197 2345 Commentario

201 2363 399 2437 Thncididis
421 2409 432 2448 2
456 2367 493 2441 ὃς
524 2368 613 2439 Paul.
644 2370 827 2449 AEmilius,
862 2384 1002 2441 matrem
1034 2362 1199 2434 Pausaniae

201 2461 398 2546 Alatheam‚
420 2487 523 2556 quum
546 2464 671 2555 Ephori
691 2466 779 2538 fores
801 2467 964 2544 aediculae,
988 2461 1046 2533 ubi
1062 2462 1115 2530 ille
1135 2455 1200 2526 ab·

201 2560 288 2629 ditus
317 2577 412 2636 erat,
442 2558 665 2642 obstruerent,
694 2581 731 2635 ut
757 2565 795 2633 ad
819 2580 965 2630 mortem
988 2558 1077 2627 farne
1102 2577 1200 2623 com·

199 2655 377 2744 pellerent:
404 2672 545 2726 matrem
575 2657 702 2748 ipsam,
729 2661 787 2732 nbi
813 2660 857 2726 de
888 2655 1008 2725 scelere
1037 2650 1094 2720 lilii
1122 2643 1198 2716 ellet

199 2753 369 2821 admonita
391 2753 539 2841 primum
561 2753 703 2845 lapidem
728 2758 769 2826 ad
791 2752 1021 2824 obstruendam
1041 2768 1199 2836 compor-

198 2844 302 2916 tasse:
334 2851 421 2918 unde
450 2848 553 2918 Ovid.
606 2853 724 2948 Legem
751 2873 850 2946 penae
873 2849 959 2920 dedit
984 2846 1050 2941 ipso
1068 2861 1199 2938 parens.

197 2943 389 3016 Poterit&
421 2946 461 3013 de
486 2943 636 3025 Pausania
666 2948 802 3040 intelligi
837 2969 936 3038 quem
961 2962 1050 3035 pater
1076 2937 1198 3035 Agesi-

199 3038 271 3109 laus
296 3039 488 3112 ronclusum
513 3038 601 3113 farne
629 3044 715 3115 mori
747 3044 891 3136 coegit,
921 3045 997 3134 quia
1023 3038 1197 3130 Spartham

198 3137 368 3225 proderet.
408 3137 532 3207 Plutar.

246 3233 329 3308 218.
359 3233 455 3303 illius
489 3235 631 3329 exemplo
662 3235 766 3307 violes
790 3234 966 3328 fimulacro
996 3226 1198 3320 Minervae.)

198 3323 257 3396 De
285 3327 391 3420 Ajace
418 3328 518 3400 Olleo
546 3331 820 3421 interpretantur,
844 3332 900 3422 qui
924 3324 1132 3403 Cassandram
1163 3327 1198 3394 in
1252 3339 1254 3347 '
1294 3366 1295 3370 =

199 3424 326 3513 templo
353 3425 520 3497 Minerva:
545 3426 690 3499 violavit.
731 3429 796 3498 Sed
820 3428 894 3518 qnia
918 3424 984 3518 jam
1013 3424 1077 3494 hoc
1106 3422 1198 3513 supra

198 3537 297 3607 poeta
320 3523 484 3601 narravit,
503 3523 609 3612 placet
632 3523 761 3619 antiqua
783 3523 903 3607 leslio,
921 3519 1096 3613 fimulucrn
1114 3521 1200 3589 Diu·

200 3639 262 3687 nae.
305 3617 419 3689 Credo
443 3618 531 3687 enim
561 3621 696 3691 Portam
721 3622 814 3714 loqui
847 3623 889 3692 de
917 3619 1198 3709 Agamemnonet

199 3714 256 3801 qui
282 3711 327 3780 ob
350 3716 510 3784 violatum
536 3714 653 3786 Dianae
678 3740 800 3790 numen
825 3715 866 3787 ab
892 3735 998 3787 uxore
1024 3711 1086 3782 fuit
1106 3708 1199 3780 occi-

198 3809 260 3879 lus.
300 3809 344 3879 Et
372 3814 623 3904 Agamemnoni
656 3808 816 3887 &Claffi
850 3812 1052 3886 Graecorum
1085 3805 1199 3902 negati

196 3904 271 3974 sunt
298 3909 387 3978 venti
416 3905 461 3978 ob
491 3906 572 3978 iram
604 3909 744 3988 Diana:
762 3907 850 3986 ‘vide
882 3905 946 3981 late
977 3903 1140 3980 Serviunt.
1162 3924 1198 3980 2.-

196 4001 333 4078 AEnrid.
358 4005 392 4076 in
415 4000 473 4080 illo
493 4003 612 4094 versut
1116 4093 1146 4171 S
