2859 4709
229 491 309 578 ‘544'
425 474 788 550 Pomeo'nn
834 480 1029 553 Meum

227 613 330 688 efficit
352 617 440 712 regis
463 617 607 691 Mausoli
626 631 900 693 monumentum,
924 634 1030 684 unum
1057 610 1099 680 de
1125 605 1218 682 mira:

227 705 311 797 culis
337 713 479 806 septem,
499 711 684 785 Artemifiae
709 735 805 807 opus.
844 712 955 781 Trans
975 706 1218 779 Halicarnasson

153 834 159 843 “
228 807 283 879 illa
309 810 404 891 sunt,
430 810 519 882 littus
545 812 686 883 Leuca:
716 809 836 889 urbes,
862 804 1024 887 Mindus‚
1048 807 1217 911 Aryanda,

227 903 414 1069 gleapolis,
442 906 527 979 sinus
551 907 683 988 lassus,
708 907 746 982 ὃ(
779 901 962 983 Basslicus,
996 901 1031 971 in
1059 902 1145 972 lasso
1174 898 1217 970 esl

195 1006 392 1115 ,largylia

465 1073 756 1231 cneus
812 1140 986 1228 xvn.

483 1316 484 1322 ‘
586 1318 861 1400 Ionln.

305 1478 367 1552 Osl
390 1477 563 1554 Basilicum
585 1479 680 1551 Ionia
696 1477 818 1574 aliquot
841 1475 874 1548 se
895 1475 1098 1574 ambagibus
1115 1481 1218 1554 fluunt:

321 1578 363 1646 Et
390 1580 536 1667 primum
565 1576 582 1648 d
614 1575 760 1648 Possidio
791 1578 1026 1668 promontorio
1064 1576 1216 1650 inflexum

224 1672 413 1755 inchoans,
439 1676 542 1769 cingit
571 1672 741 1744 oraculum
766 1672 955 1763 Apollinis,
986 1673 1118 1746 dissum
1143 1675 1216 1747 olim

226 1769 443 1852 Branchidae,
465 1796 552 1845 nunc
575 1769 740 1863 Dyditni:
766 1769 942 1847 Miletum,
970 1769 1098 1841 urbem
1119 1795 1214 1864 quon-

227 1866 305 1937 dam
329 1868 435 1937 Ioniae
453 1869 553 1940 totius
582 1866 658 1938 belli
686 1863 838 1957 pacisque
865 1862 990 1937 artibus
1013 1867 1211 1959 principem,

225 1963 363 2055 patriam
390 1963 540 2037 Thaletis
564 1961 721 2056 astrologi
751 1959 993 2036 &Timothei
1017 1963 1213 2046 mufici,&

225 2059 466 2133 Anaximandri
505 2059 675 2158 physici,
699 2059 906 2153 aliorumque
939 2057 1070 2131 civium
1095 2061 1213 2156 inclytis

224 2153 417 2325 iyyyppniis,H
407 2159 526 2272 merito
541 2157 695 2270 inclytam
688 2173 908 2325 plyffinflue
922 2153 1209 2326 yppiamlyplcppg

301 2277 354 2323 em
419 2277 531 2344 appan,
562 2277 665 2326 amnss
762 2277 778 2322 a
825 2277 852 2323 rt
878 2277 920 2326 ex
1018 2296 1031 2334 ,
1098 2279 1116 2326 a

225 2363 397 2430 montem,
421 2349 640 2443 Endymionis
667 2343 685 2418 ὲ
710 2350 807 2419 Luna
834 2353 896 2437 (ut
919 2349 1056 2440 secum)
1082 2348 1209 2425 adamati

224 2443 345 2516 fabule
364 2445 521 2517 nobilem.
556 2446 689 2518 Deinde
709 2444 819 2517 rursus
836 2445 956 2518 inflexa
975 2445 1084 2540 cingit
1104 2446 1213 2521 urbem

223 2541 390 2625 Prienen,
408 2541 444 2616 &
466 2544 561 2618 Gess1
583 2541 728 2632 fluminis
753 2541 890 2629 ollium:
918 2565 1074 2636 moxque
1091 2567 1130 2617 ut
1151 2567 1216 2615 ma·

224 2637 298 2734 jore
318 2640 535 2724 circuituum
560 2643 652 2731 plura
674 2641 914 2731 compleslitur.
955 2639 1011 2709 Ibi
1031 2639 1082 2710 est
1102 2643 1217 2716 Panio-

224 2737 318 2808 nium
340 2735 425 2810 sacra
448 2737 572 2832 regio,
598 2735 635 2809 ὅ(
662 2735 707 2806 ob
735 2736 770 2804 id
798 2760 841 2807 eo
867 2736 1005 2807 nomine
1032 2739 1217 2829 appellata,

223 2829 317 2924 qudd
341 2859 416 2906 eam
442 2834 665 2905 communiter
695 2832 798 2903 Iones
829 2833 954 2905 colunt.
997 2833 1053 2903 Ibi
1078 2835 1096 2902 al
1121 2834 1218 2928 sugi-

223 2932 305 3001 turis
330 2934 385 3020 (ut
402 2929 514 3022 aiunt)
539 2930 671 3003 condita
696 2928 837 3017 (nomen
855 2930 955 3002 famae
972 2929 1100 3018 annuit)
1123 2930 1218 3024 Phy-

223 3026 310 3120 gela.
350 3024 405 3096 Ibi
425 3027 591 3118 Ephesus,
603 3027 639 3101 ὃ(
656 3025 774 3098 Dianae
797 3024 1003 3100 clarissimum
1023 3024 1218 3114 templum,

223 3126 315 3215 quod
340 3124 527 3195 Amazones
554 3123 630 3195 Asia
664 3127 777 3213 potitae
807 3123 1003 3198 consecrasse
1029 3122 1220 3197 traduntur.

201 3218 278 3292 «lbi
301 3219 457 3318 Cayllros
482 3224 594 3292 amnis.
635 3219 692 3288 Ibi
715 3216 895 3306 Lebedos,
916 3219 1087 3312 Clari'ique
1112 3220 1220 3313 Apol-

221 3317 295 3390 linis
319 3319 561 3410 sanum,⁴quod
586 3318 708 3389 Manto
726 3315 865 3389 Tiressae
890 3318 979 3399 filia,
1008 3317 1144 3412 sisgiens
1168 3319 1219 3391 vi·

218 3417 330 3487 fiores
348 3414 591 3487 Thebanorum
603 3415 814 3506 “Epigonos,
833 3413 868 3486 ἃ
890 3413 1104 3506 Colophon,
1120 3440 1218 3508 quam
1248 3490 1252 3497 ,

222 3511 364 3605 Mopsus
389 3512 536 3605 ejusdem
558 3514 695 3603 Mantus
719 3509 807 3583 silius
830 3509 956 3592 statuit,
983 3514 1025 3582 ad
1050 3535 1218 3603 promon-

217 3613 345 3684 torium
358 3634 434 3702 ‘quo
455 3608 541 3683 finus
564 3610 745 3684 clauditus,
769 3608 860 3683 ouod
885 3608 984 3678 altera
1001 3629 1101 3701 parte
1119 3611 1218 3681 alium

221 3731 323 3803 quem
349 3711 556 3803 Smyrnaeum
578 3725 718 3784 vocant,
740 3703 842 3776 efficit
854 3749 877 3788 ,‚
885 3705 1098 3799 anguslisque
1114 3702 1232 3779 cervi?

220 3808 316 3880 cibus
335 3805 458 3898 reliqua
481 3806 636 3878 extendit.
673 3803 758 3873 Inde
778 3804 871 3872 satius
891 3804 958 3874 abit
982 3804 1016 3872 in
1036 3803 1217 3893 peninsula

216 3904 356 3979 saniem:
382 3901 479 3994 super
500 3899 679 3997 angustias,
693 3901 768 3969 hinc
780 3900 895 3984 Teos,
909 3901 976 3971 illle
990 3901 1216 3973 Clazomenas

180 4060 183 4069 ,
211 4005 252 4085 ἃ
274 4006 354 4105 quia
374 4024 473 4106 terga·
486 3999 632 4096 'pungunt
647 3996 792 4064 consano
809 3999 944 4066 adnexae
958 4001 1065 4069 musis
1085 3992 1222 4070 diverfis'

200 4109 397 4199 fientibus
416 4102 551 4188 onena
570 4095 681 4173 masia
693 4115 759 4188 pso
773 4086 937 4200 sneisane.
961 4091 1102 4172 Annia
1110 4096 1258 4240 ,22st
