2859 4709
264 404 336 493 n8
472 396 1051 480 Annontn1onns

262 525 357 599 Vide
380 523 594 615 'Galliambunt
626 523 768 597 Catulli:
787 520 888 621 snper
910 529 979 599 alta
1005 526 1115 602 vetius
1136 534 1257 616 Attis,¹

260 623 349 692 unde
374 618 483 711 postea
517 643 590 693 mos
620 620 682 691 fuit
716 620 935 697 sacerdotibus
958 625 1122 719 Cybela,
1150 650 1188 703 ut
1216 636 1258 705 ad

261 715 402 789 fluvium
440 718 574 793 Gallum
609 715 892 790 emascularentur.
942 720 1080 818 Cybelis
1119 750 1258 803 currum

260 813 386 886 vehunt
418 813 549 893 leones,
578 813 613 885 dt
636 813 671 884 hi
696 815 809 886 leones
831 815 903 887 sunt
929 817 1194 912 Hippomenes,
1220 824 1257 901 dt

260 910 421 981 Atalanta.
445 914 521 983 vide
543 912 646 982 Ovid.
669 906 805 983 Melam.
821 933 877 993 10.
1219 918 1222 925 ’

310 1030 390 1101 213.
417 1010 554 1102 Solaque
576 1008 742 1097 Limane.)
770 1011 822 1080 Ex
843 1007 1086 1102 Hippomene,
1109 1011 1147 1091 de
1176 1012 1270 1091 Am

261 1106 345 1177 lanta
370 1124 443 1175 nata
467 1106 512 1175 est
527 1106 692 1181 Limone,
707 1103 821 1196 qumis
839 1126 929 1193 patre
958 1107 990 1176 in
1012 1108 1177 1182 adulterio
1200 1114 1256 1187 da.

259 1201 415 1294 prehensa
434 1203 525 1294 equis
543 1198 748 1292 discerpenda
769 1204 882 1274 tradita
898 1201 974 1275 fuit.
1000 1208 1110 1300 ndag.
1124 1209 1255 1307 Hippo-

260 1323 347 1371 mene
368 1301 471 1393 tnagis
492 1300 617 1391 impias.
855 1368 858 1375 ,
1126 1300 1130 1310 ’
1206 1350 1216 1377 a

307 1415 390 1484 213.
414 1400 487 1465 Ant
518 1415 552 1466 nt
572 1393 736 1487 Caffandri
757 1392 935 1485 dominus.)
969 1395 1136 1474 Hercules
1167 1403 1254 1475 Ate.-

260 1491 375 1565 xandri
398 1491 519 1588 Magni
545 1490 630 1563 filius
652 1487 669 1562 it
691 1490 869 1565 Callandro
892 1516 1049 1565 unacum
1073 1518 1180 1571 matre
1196 1500 1258 1573 tuit

261 1586 407 1668 occisus,
432 1589 655 1677 &lapidibus
681 1608 884 1680 coopertus,
910 1613 952 1660 ne
976 1609 1104 1665 tantum
1130 1595 1257 1671 facinus

260 1701 438 1778 pateretur.
478 1684 620 1767 Juliinus
647 1685 776 1779 lil.15.
802 1685 892 1758 Paul.
916 1690 950 1757 in
975 1692 1130 1765 Bentian·

308 1803 391 1874 213.
416 1788 489 1854 Ant
509 1804 544 1853 nt
564 1781 785 1862 Abantiades,
810 1804 865 1855 attt
892 1804 925 1853 nt
947 1785 1116 1887 Lyrnefitts
1138 1791 1255 1878 lieres,

356 1882 461 1966 (iesus
486 1882 521 1952 in
548 1900 709 1974 aequoreas
732 1880 946 1973 praecipiteris
975 1906 1083 1977 aquas.

257 1972 463 2051 ¹Abantiades
486 1977 599 2067 paffim
628 1994 765 2048 vocatur
789 1974 950 2057 Perseum*¹
973 1978 1028 2068 qui
1042 1980 1095 2051 ab
1120 1982 1252 2057 Abante

259 2098 367 2170 genus
389 2077 510 2147 ducens
535 2075 577 2144 ab
599 2070 726 2143 Acrisio
749 2068 782 2139 in
805 2096 878 2144 arca
906 2097 982 2143 cum
1009 2094 1112 2149 matre
1135 2082 1269 2162 Danae,

259 2171 401 2242 inclusus
425 2172 458 2241 in
477 2192 566 2240 mare
590 2152 755 2262 pdjeetus
776 2169 838 2240 fuit
849 2191 867 2240 τ’
879 2170 967 2240 unde
988 2170 1041 2243 hic
1057 2175 1156 2267 aliqui
1180 2200 1250 2246 non

261 2267 413 2361 (cesus)
448 2267 595 2359 legunt,
630 2264 685 2336 led
723 2266 898 2358 (clausas)
937 2267 1055 2356 quibus
1089 2269 1251 2343 allentior.

261 2364 369 2437 Porro
402 2367 558 2456 quoniam
583 2365 625 2433 de
662 2360 823 2460 Lyrnesia
854 2361 956 2433 heroe
985 2363 1063 2436 nihil
1089 2369 1253 2458 reperitur

232 2486 235 2490 ·
259 2462 440 2543 idoneum,
462 2461 491 2531 E
540 2476 582 2529 at.
607 2460 637 2528 le
664 2460 713 2538 it,
738 2456 915 2555 Cygnefitts
934 2460 1051 2544 heros,
1074 2462 1109 2535 δί
1129 2465 1252 2535 intelli-

229 2612 235 2618 .
259 2560 334 2653 git,
352 2560 483 2629 Tenem
532 2557 615 2651 pgni
637 2482 755 2627 lilium.
782 2558 887 2646 Quod
901 2579 1017 2629 verum
1040 2579 1132 2648 puto.
1159 2563 1251 2633 Nam

221 2660 225 2669 '
260 2673 298 2726 ut
313 2677 437 2728 narrant
452 2654 599 2729 Homeri
622 2669 803 2725 comment.
840 2651 937 2724 Iliad.
953 2674 983 2727 1.
1010 2654 1123 2726 Tenes
1136 2658 1191 2754 Cy
1219 2658 1252 2728 ni

259 2750 347 2824 filius
369 2751 458 2832 fuit,
484 2752 540 2842 qui
564 2746 727 2821 accusatus
753 2746 771 2817 a
798 2772 963 2832 noverca,
987 2752 1156 2846 conjedlus
1186 2683 1252 2826 ignit

260 2871 338 2919 cum
361 2846 471 2919 sorore
497 2847 514 2919 *a
538 2864 628 2938 patre
644 2847 771 2942 Cygno
787 2846 821 2915 in
843 2870 948 2916 arcam
973 2871 1033 2939 per
1057 2873 1146 2921 mare
1168 2876 1250 2942 por·

259 2947 393 3015 tandus:
411 2944 466 3037 qni
483 2946 591 3035 postea
604 2943 755 3037 regnavit
775 2943 809 3013 in
824 2941 1001 3036 Lycophre
1017 2944 1134 3021 insuta,
1150 2972 1251 3038 quam

260 3042 427 3113 Tenedon
451 3042 491 3111 ab
517 3040 589 3130 ipso
616 3040 833 3132 appellavere.
856 3040 933 3113 vide
955 3040 1065 3138 Adag.
1103 3043 1252 3117 Tenedia

259 3140 428 3239 bipennis:
451 3135 487 3209 de
511 3137 670 3213 Tenedios,
693 3139 792 3207 homo.

312 3256 393 3327 214·
420 3235 457 3311 V
456 3235 562 3307 iilima
589 3235 641 3305 vel
672 3233 836 3325 Plelo.)
861 3229 1062 3305 Theudotus
1083 3234 1253 3329 Tragicos

260 3337 385 3428 poeta,
409 3356 511 3422 quum
536 3330 568 3400 in
583 3330 816 3402 Mnesarchum
839 3350 955 3422 regem
975 3328 1138 3421 scripstllet
1164 3352 1253 3404 atro·

260 3432 352 3514 cius,
378 3429 419 3500 ab
444 3432 565 3501 eodem
588 3426 764 3500 crudeliter
791 3425 950 3498 madiatus
976 3426 1045 3509 eti,
1067 3452 1172 3518 quum
1198 3431 1253 3500 itte

259 3525 294 3598 in
319 3527 483 3617 templum
514 3522 678 3616 Apollinis
705 3520 901 3625 aufuglllet:
926 3524 969 3596 ita
995 3523 1062 3596 hoc
1085 3524 1254 3609 refertur,

259 3622 317 3698 sed
339 3622 405 3696 stne
430 3639 521 3696 certo
545 3639 671 3693 autore.

307 3741 392 3813 214.
414 3725 486 3798 Ant
514 3742 545 3791 te
565 3716 722 3790 devoveat
755 3716 850 3790 certis
877 3713 1048 3806 Abdera.)
1081 3715 1255 3792 Abderitae

282 3818 433 3892 uotannis
457 3817 551 3889 certis
579 3813 695 3885 diebus
718 3810 861 3884 solebant
886 3814 1066 3895 hominem,
1089 3817 1256 3897 mediare,

258 3846 297 3992 ia
319 3912 429 4005 impiis
455 3909 749 4006 imprecationibus
773 3911 949 3990 devovere.
971 3911 1049 3990 vide
1069 3915 1256 3989 Anatena

258 4011 293 4087 in
318 4009 426 4084 nossra
446 4011 612 4086 Minerva.
938 4050 940 4054 ·
1179 4044 1193 4067 ·-

1085 4109 1256 4200 n4mt
