2859 4709
265 436 335 533 576
438 366 827 509 ,rencourt
873 431 1073 518 Manat

261 578 311 634 rra
336 558 433 644 lunt,
459 585 576 654 aequor
598 555 884 639 Atlanticum&
911 579 971 629 ora
998 556 1125 632 Beticae
1155 558 1272 633 frontis

261 659 410 751 excipit,
440 683 513 750 quar
544 654 603 728 nist
628 660 720 751 quod
744 654 851 727 semel
872 656 1066 747 iterumque
1099 661 1271 749 paululum

261 754 297 824 in
322 747 423 825 leniet
449 755 624 825 abducitur
646 798 658 837 ,
683 752 787 846 usque
816 753 857 824 ad
885 751 1013 824 flumen
1045 756 1156 826 Anam
1184 755 1267 851 peni

259 852 349 923 redla
369 850 437 923 est:
459 850 606 925 Turduli
633 848 669 925 δὲ
696 849 819 923 Balluli
844 846 998 921 habitant.
1038 847 1077 917 ln
1104 856 1264 943 proximo

260 945 331 1018 stou
354 966 470 1040 portus
495 948 541 1021 est
565 970 667 1041 quem
699 948 936 1022 Gaditanum,
969 945 1005 1021 ὅ(
1040 946 1127 1022 lucus
1158 974 1263 1042 quem

260 1043 450 1121 Oleastrum
475 1046 646 1136 appellant.
694 1043 792 1114 Tum
816 1042 984 1115 castellum
1009 1042 1117 1117 Ebora
1140 1045 1177 1116 in
1201 1048 1262 1119 lit-

260 1156 354 1223 tore‚
378 1139 414 1213 &
441 1142 557 1231 procul
582 1138 600 1209 it
625 1138 734 1211 littore
766 1138 845 1211 Alla
872 1139 1034 1211 colonia:
1060 1162 1170 1222 extra,
1194 1144 1260 1226 Ju-

258 1238 354 1308 nonis
377 1260 451 1316 ara,
467 1236 694 1330 templumque
712 1233 769 1306 cll.
808 1237 852 1307 In
874 1234 946 1327 ipso
968 1238 1054 1310 mari
1077 1241 1259 1313 monimen·

259 1352 330 1403 tum
355 1334 547 1426 Geryonis,
571 1332 707 1424 scopulo
732 1332 839 1427 tnagis
866 1330 965 1427 quitm
989 1333 1107 1408 insulae
1132 1339 1258 1431 impoli·

257 1449 341 1499 tttm.
384 1428 472 1500 Betis
498 1455 541 1503 ex
566 1429 806 1502 Tarraconensi
832 1430 971 1524 regione
999 1429 1174 1513 demilius‚
1201 1460 1258 1529 per

256 1525 339 1594 hanc
370 1522 439 1597 leri:
472 1529 618 1598 mediam
650 1527 707 1598 diu
744 1524 824 1598 ficut
855 1525 1032 1611 nascitur,
1068 1555 1138 1603 uno
1164 1557 1254 1603 amne

256 1622 429 1692 decurrit:
457 1623 528 1715 poss
552 1622 610 1693 ubi
635 1648 702 1694 non
731 1620 832 1718 long'e
861 1621 880 1692 it
905 1623 987 1695 mati
1018 1632 1181 1720 grandem
1205 1633 1254 1704 la·

256 1717 465 1802 eumfacit,
511 1717 578 1794 uasr
605 1745 646 1794 ex
677 1744 747 1792 uno
773 1721 865 1799 ionte
896 1718 1055 1816 geminus
1090 1729 1251 1799 exoritur:

255 1814 459 1908 ,quantusque
490 1747 632 1908 itmplici
665 1817 760 1888 alveo
790 1839 958 1896 venerat,
988 1837 1104 1894 tantus
1130 1823 1251 1921 fingulis

256 1911 375 1984 effluit.
415 1914 511 1984 Tum
532 1915 619 1986 linus
642 1914 741 1992 alter,
764 1911 926 2009 usquead
949 1915 1054 1988 finem
1078 1922 1251 2012 provincia

254 2005 458 2090 infleclitum
485 2036 629 2106 eumque
658 2035 759 2103 parva
782 2012 902 2103 oppida
928 2014 1107 2108 Olitingi,
1138 2018 1250 2090 Onoba

255 2111 465 2203 contingunt.
512 2112 560 2180 At
593 2108 755 2180 Lusitania
787 2127 872 2181 trans
904 2112 1042 2189 Anam,
1066 2114 1136 2206 quit
1167 2139 1250 2188 mate

255 2204 461 2278 Atlanticum
486 2204 632 2295 spectat,
657 2206 803 2295 primum
827 2206 955 2302 ingenti
980 2209 1115 2301 impetu
1143 2212 1173 2283 in
1199 2211 1250 2284 al-

253 2316 327 2370 tum
352 2301 445 2381 abit,
470 2301 589 2373 deinde
613 2300 750 2386 resiliit,
780 2328 818 2375 ac
839 2302 870 2373 se
897 2304 1003 2401 magis
1027 2307 1131 2380 etiam
1158 2307 1250 2404 quim

254 2394 366 2471 Betica
386 2397 540 2471 abducit:
568 2422 631 2493 qua
653 2400 839 2491 prominet,
859 2399 909 2473 bis
934 2403 967 2471 in
990 2400 1096 2475 semet
1122 2426 1249 2501 recepto

201 2502 204 2509 '
251 2496 359 2577 mari,
382 2500 415 2565 in
440 2499 501 2567 tria
525 2498 754 2586 promontoria
779 2496 984 2594 dispergitur.
1028 2506 1117 2574 Anae
1142 2504 1250 2596 proxi-

252 2615 372 2674 mum,
404 2595 478 2686 quia
510 2594 571 2663 lata
608 2592 682 2664 lede
708 2619 937 2686 procurrens,
968 2599 1131 2689 paulatim
1159 2601 1193 2672 le
1217 2626 1250 2672 ac

250 2690 306 2761 sua
340 2693 438 2764 latera
468 2689 629 2784 fastigia,
665 2693 803 2764 Cuneus
829 2716 909 2786 age-r
937 2695 1083 2780 dicitur,
1119 2697 1251 2792 sequens

250 2785 377 2860 sacrum
399 2806 541 2860 vocant:
561 2790 729 2883 Magnum
751 2791 842 2879 quod
861 2790 998 2885 ulterius
1019 2791 1075 2864 ell.
1117 2793 1157 2863 ln
1181 2795 1250 2867 Cu·

250 2906 316 2952 neo
333 2883 404 2957 sunt
422 2884 592 2981 Mirtylis,
607 2884 714 2969 Balsa,
732 2884 915 2959 Ollonoba.
958 2890 999 2959 In
1015 2892 1115 2958 Sacro
1132 2891 1251 2960 Laco·

249 2979 369 3076 briga,
394 2983 430 3054 dc
455 3002 569 3073 portus
597 2981 779 3054 Annibalis.
820 2985 861 3053 In
885 3010 1009 3081 magno
1031 2985 1151 3055 Ebora.
1189 2988 1252 3058 Si-

250 3101 312 3153 nus
338 3078 512 3159 intersunt,
537 3077 573 3152 6<
595 3077 641 3149 est
666 3080 698 3150 in
726 3083 884 3172 proximo
908 3084 1035 3155 Salacia.
1072 3081 1118 3151 In
1144 3081 1249 3156 altero

247 3176 423 3274 Ulyffipo.
445 3177 481 3250 il<
501 3177 592 3269 Tagi
608 3175 748 3257 ollium,
773 3182 875 3250 amnis
897 3204 1015 3253 aurum
1032 3181 1248 3274 gemmasque

247 3274 445 3371 generantis.
495 3272 550 3344 Ab
571 3276 610 3344 iis
636 3277 875 3365 promontoriis
908 3282 949 3349 ad
978 3280 1069 3347 illam
1094 3300 1244 3369 parient,

248 3399 323 3463 quae
343 3369 491 3448 recellit,
517 3373 633 3464 ingens
655 3371 760 3443 flexus
785 3375 939 3465 aperitur.
975 3374 1018 3444 In
1043 3397 1156 3468 eoque
1180 3374 1244 3447 sunt

247 3470 396 3545 Turduli
419 3487 567 3547 veteres,
583 3471 883 3561 Turdulorumque
899 3471 1040 3562 oppida:
1057 3495 1175 3545 amnes
1193 3498 1243 3545 au·

244 3588 313 3641 tem
327 3572 458 3643 Monda
478 3569 512 3639 in
531 3570 678 3638 medium
700 3567 771 3639 fere
793 3569 902 3641 ultimi
919 3570 1146 3658 promontorii
1168 3570 1242 3643 latus

244 3669 408 3747 effluens,
425 3668 461 3742 δι
481 3666 606 3739 radices
631 3663 780 3759 ejusdem
801 3665 935 3739 abluens
954 3665 1097 3739 Durius.
1143 3668 1241 3739 Frons

243 3771 300 3839 illa
326 3766 515 3857 aliquandiu
538 3765 661 3833 redlam
684 3765 789 3854 ripam
815 3763 937 3849 habet,
964 3765 1085 3836 deinde
1109 3767 1241 3835 modico

243 3866 337 3935 flexu
359 3884 520 3954 accepto,
551 3886 634 3933 mox
664 3859 799 3950 peullam
829 3863 951 3934 eminet
967 3889 976 3933 z
992 3881 1077 3934 tum
1111 3864 1242 3935 redunt

235 3964 396 4049 iterum,
421 3960 610 4051 iterumque
631 3959 724 4029 telio
751 3961 902 4053 margine
929 3959 1063 4052 jacens,
1090 3962 1134 4032 ad
1160 3983 1242 4052 pro·

229 4067 489 4152 montorium,
518 4059 616 4159 quud
640 4053 816 4131 Gallicum
831 4060 1018 4136 toeamut'.
1034 4058 1264 4209 euendqqqzq
