2859 4709
256 440 326 528 380
459 435 601 508 Aua.
652 436 1047 506 Pouwtattt

325 564 368 633 Ει
385 559 482 651 soliis
506 561 678 633 cumuletur
702 564 840 642 humus,
863 557 1008 656 denfique
1032 555 1185 653 maniplis
1270 580 1275 585 '

327 656 485 755 Inspirent
502 662 631 753 flores,
657 682 819 754 uacuoque
840 658 939 753 incisa
955 656 1131 751 sepulchro
1209 724 1212 731 .

257 754 483 945 ”Mill
496 753 670 943 llll?
683 754 1255 947 llllll‘llllll’ca

325 948 446 1018 Ebrius
470 943 591 1019 intercal
615 944 708 1039 ιιοβνὶ
732 951 873 1019 nutritor
899 948 1009 1018 latclti

324 1044 452 1116 Silenus
477 1045 565 1116 molli
589 1047 704 1115 dormit
733 1045 900 1141 resupinus
927 1045 961 1113 in
986 1064 1112 1118 antro,

327 1140 466 1219 Ebrius,
494 1139 535 1214 (9'
560 1142 655 1209 nimio
678 1165 776 1212 venas
804 1135 992 1228 tumesallus
1017 1142 1162 1211 alumno.

257 1255 328 1327 140
338 1240 491 1308 Securum
512 1238 604 1330 pueri
629 1241 786 1317 audaces,
810 1258 843 1308 at
865 1260 903 1308 ue
927 1236 1070 1330 improba
1097 1238 1188 1312 Nais

327 1333 494 1402 Invadunt
508 1328 648 1419 surtim,
674 1335 771 1428 deque
796 1261 869 1429 ipsis
894 1334 1005 1406 uincla
1026 1333 1178 1412 coronis,

324 1426 412 1518 Quae
426 1429 514 1514 senis
537 1424 555 1497 ὲ
577 1428 689 1498 mutilo
713 1424 803 1502 modb
831 1432 949 1501 vertice
970 1431 1204 1519 defluxerunt,

325 1523 481 1615 Irrjiciunt
506 1525 649 1617 alacres,
664 1526 873 1620 promissaque
900 1529 1042 1597 carmina
1064 1526 1221 1620 poscunt:

325 1624 477 1692 Carmina
502 1646 570 1692 cum
583 1620 690 1714 sylvis
712 1643 796 1693 totos
816 1623 988 1692 mulcentia
1012 1625 1163 1695 monteio.

258 1720 467 1814 145Jamque
488 1719 552 1788 tuis
574 1718 681 1815 Minci
698 1721 817 1815 glauca
829 1717 892 1806 sub
912 1716 1048 1791 arudine
1071 1719 1154 1812 ripis

329 1815 486 1890 Vincitur
506 1814 629 1884 alterno
654 1815 834 1916 Corydonis
858 1816 997 1886 carmine
1018 1814 1166 1912 Thytsts.

328 1915 401 1988 Jam
422 1911 535 2005 repetit
559 1911 722 2004 querulam
746 1911 905 1983 Damonis
929 1908 987 1982 tibi
1007 1912 1164 1997 Musam:

327 2011 483 2080 Damonis
505 2009 632 2092 Musam
647 2009 799 2102 scopuli,
826 2006 977 2101 pinusque
1001 2009 1189 2099 loquuntur.

330 2104 396 2176 Sed
409 2105 485 2197 quid
505 2102 535 2170 io
555 2124 619 2173 tarn
636 2105 727 2174 dulce
743 2105 802 2174 tibi
815 2100 877 2197 ιβ,
890 2105 1049 2185 Galatea,
1059 2102 1123 2191 sub
1140 2099 1257 2181 undis,

260 2217 279 2269 1
286 2215 330 2291 50
338 2200 445 2289 Quam
449 2196 592 2285 formosa
605 2220 697 2270 vocet
709 2224 748 2270 ne
761 2200 977 2295 quicquamad
986 2201 1096 2271 littora
1106 2192 1256 2297 Cyclopsl

328 2293 450 2381 Infelix
478 2294 635 2389 Cyclops,
653 2294 715 2380 sed
740 2298 821 2366 enim
848 2294 1007 2386 infelicior
1033 2296 1091 2384 illo

329 2391 445 2462 Gallus
457 2410 559 2468 amat,
573 2394 779 2485 queriturque
786 2392 878 2480 suam
894 2394 1009 2488 procul
1024 2390 1082 2480 effe
1097 2390 1259 2487 Lycorin,

331 2488 461 2567 Gallus,
483 2509 572 2579 quem
594 2488 712 2581 rigidae
724 2491 851 2581 flevere
876 2491 909 2559 in
935 2491 1092 2558 montibus
1116 2489 1213 2572 orni,

330 2585 429 2676 Ctejus
453 2606 590 2652 amarem
612 2607 718 2654 omnes
742 2606 901 2680 nequeunt
925 2608 1049 2654 mutare
1073 2583 1219 2655 labores:

259 2699 324 2774 155
337 2681 467 2762 Gallus,
493 2703 582 2772 quem
596 2675 721 2771 sruslra
745 2682 852 2752 uerbis
870 2679 996 2769 solatus
1018 2680 1141 2774 Apollo
1162 2678 1214 2777 ιβ.

330 2777 414 2848 Haeo
431 2777 486 2863 sat
516 2775 577 2844 erit
595 2773 625 2867 β
649 2796 720 2846 uras
745 2777 825 2848 inter
850 2775 990 2870 cecinisse
1015 2777 1156 2871 capellas

328 2870 512 2964 Pastorem,
535 2892 571 2941 tu
592 2869 754 2942 uillricem
772 2871 828 2963 ser
848 2878 992 2943 Mantua
1012 2876 1162 2969 palmam.

327 2971 411 3038 Ecce
435 2963 577 3060 lacertos
600 2989 747 3060 quaerunt
773 2990 857 3040 noua
877 2969 973 3039 turba
994 2970 1096 3041 coloni

328 3062 404 3152 Quo
416 3063 542 3158 segetes
567 3065 700 3134 veniant
727 3087 854 3162 campo,
878 3089 941 3158 quo
955 3063 1072 3162 sedere
1094 3064 1196 3136 tellus

164 3228 167 3233 .
257 3164 328 3236 160
338 3160 516 3239 Vertatur,
541 3159 624 3252 quod
638 3155 685 3250 βι
703 3159 828 3254 salcis,
851 3164 935 3256 quod
960 3182 1084 3257 tempus
1111 3163 1228 3233 aratri.

325 3256 490 3350 Egredere
514 3249 533 3324 b
553 3255 678 3352 sylvis,
703 3260 858 3351 juvenis,
885 3280 1038 3351 curruque
1064 3260 1195 3330 levatus

326 3351 516 3447 Triptolemi
542 3352 657 3422 Latios
678 3351 835 3443 saecunda
862 3351 999 3445 mtffibus
1023 3379 1137 3449 agros.

327 3451 401 3520 Nec
422 3450 529 3520 coleos
543 3449 615 3536 jam
634 3451 758 3542 palmes
778 3450 947 3547 agar‚sed
961 3472 1064 3546 reptet
1078 3456 1126 3523 ad
1143 3449 1255 3537 ulmtun

326 3547 467 3624 Ebrius,
492 3571 528 3616 ac
553 3547 642 3618 dulci
662 3548 773 3618 rubeat
795 3571 880 3620 noua
901 3564 1001 3640 nupta
1024 3550 1168 3625 marita,

256 3639 322 3733 165
334 3644 376 3711 Et
395 3662 491 3736 pater
514 3663 684 3713 autumnus
709 3643 811 3715 medio
838 3643 1009 3739 consurgat
1031 3644 1072 3714 ab
1097 3664 1177 3714 aruo

322 3735 516 3826 Pamiserum
540 3737 639 3809 viridi
664 3761 758 3834 caput
785 3735 851 3810 alti
871 3739 1045 3810 'umbratus
1073 3736 1216 3818 amitlu,

321 3839 451 3929 Atque,
465 3835 629 3916 Acheloe,
651 3855 740 3905 tuum
760 3856 863 3906 teneat
879 3860 981 3930 graue
1002 3835 1137 3906 dextera
1159 3854 1261 3906 cornu

323 3932 451 4024 Stetque
476 3952 635 4003 catenatas
651 3931 793 4018 suadens
819 3934 940 4003 nudare
957 3933 1139 4026 palaeslras.

324 4027 472 4110 Palladis
494 4028 600 4126 ampla
621 4027 713 4106 arbos
736 4027 930 4121 bicoloribus
949 4029 1081 4104 horrida
1106 4028 1237 4103 baccis,

1156 4128 1260 4201 Fron·

482 4240 487 4271 l

484 4280 493 4301 x
