2859 4709
269 470 342 546 320
471 449 544 549 Iu
593 455 1065 533 Aus1·Pane11

232 636 234 643 .
269 582 401 654 Tamen
429 577 452 651 st
478 580 655 654 minimum
683 581 720 655 fit
749 582 860 664 istud,
887 602 999 657 tamen
1025 585 1118 658 nullo
1148 582 1263 663 sacrifi·

269 680 324 751 cio
352 706 370 752 a
398 679 463 749 Dis
498 677 721 766 impetrabis,
757 699 794 752 ut
829 680 939 753 brevis
972 679 1138 754 semuncia
1169 683 1263 754 teile

268 775 403 848 rationis
428 772 465 842 srt
490 771 523 843 in
543 773 654 846 stultis.
698 775 843 849 Miscere
862 778 951 849 enim
973 776 1162 872 sapientiam
1189 803 1285 865 curu,

268 872 401 945 stultitia
428 870 515 941 hesas
544 871 602 943 eil.
639 872 715 941 Nec
741 875 864 963 poteris
888 875 1000 947 saltare
1023 879 1064 945 arl
1092 877 1172 947 treis
1196 894 1261 947 tan·

269 987 343 1040 tum
365 990 521 1053 numeros
546 967 685 1062 Bathylli
707 967 886 1047 saltatoris,
915 994 993 1043 cum
1016 970 1055 1042 srs
1076 969 1180 1045 fossor
1207 994 1279 1062 pet·

268 1086 394 1137 caetera.
428 1063 505 1158 Ego
534 1063 603 1134 sum
628 1060 731 1153 liber„
747 1064 876 1157 inquis:
899 1091 977 1138 curn
1002 1083 1051 1137 tot
1081 1069 1168 1139 vitiis
1191 1066 1260 1141 sub·

268 1164 372 1256 jeslus
393 1161 450 1249 fis,
475 1162 562 1231 unde
585 1158 649 1230 tibi
667 1160 852 1231 libertatem
876 1165 977 1234 audes
996 1161 1180 1238 assumeresv
1209 1167 1259 1235 An
1290 1187 1292 1191 ’

268 1284 335 1330 non
356 1257 517 1329 exislimas
537 1256 637 1328 aliurn
661 1257 833 1329 dominum
855 1259 916 1328 tibi
939 1257 1002 1332 else
1023 1279 1144 1354 praeter
1168 1285 1259 1344 eum,

266 1379 378 1444 aquo
405 1373 437 1423 te
463 1371 582 1440 praetor
609 1352 785 1425 liberavit?
1223 1400 1231 1433 t

316 1452 351 1520 Si
377 1448 543 1519 Dominus
570 1447 769 1540 increpando
804 1451 920 1531 dixit,
952 1446 1042 1521 serve
1072 1454 1196 1530 vade,
1227 1453 1263 1529 ἀ.

268 1545 370 1617 desen
385 1544 522 1638 strigiles
550 1548 589 1616 ad
616 1544 732 1616 balnea
762 1545 913 1637 Crispini.
955 1548 1014 1619 Tu
1043 1549 1202 1641 nugaris,
1227 1549 1258 1625 n

268 1642 418 1714 tardatis:
446 1664 519 1711 nam
550 1645 629 1713 dura
654 1640 791 1714 servitus
814 1644 893 1715 nihil
919 1641 1086 1735 perturbat
1115 1645 1256 1717 animum

265 1756 389 1814 tuum,
412 1762 473 1807 nec
501 1738 622 1827 aliquid
649 1740 743 1810 intrat
770 1739 989 1820 extrinsecus,
1017 1741 1109 1829 quod
1140 1744 1257 1815 cruciet

266 1855 441 1912 mentem,
472 1833 526 1905 sed
551 1834 574 1904 st
600 1834 743 1905 Domini
772 1836 944 1909 nascuntur
967 1839 1074 1916 intus,
1098 1836 1137 1911 ὅ(
1157 1838 1190 1909 in
1213 1839 1258 1932 je·

267 1956 345 2007 core
376 1931 463 2003 vitiis
490 1950 684 2022 corruptos.
701 1936 874 2024 quomodo
907 1952 944 2006 tu
972 1933 1083 2003 evadis
1111 1934 1257 2027 impuni-

220 2065 223 2069 ·
265 2031 351 2112 tior,
378 2053 476 2123 quam
503 2028 580 2109 hie,
606 2051 706 2118 quem
732 2027 921 2123 flagellum,
944 2029 980 2102 ὃ(
1003 2046 1112 2100 metus
1136 2031 1256 2102 domini

267 2125 397 2216 impulit
423 2108 625 2289 ad-ttrpiles
656 2124 688 2192 in
717 2124 830 2196 balnea
860 2125 1079 2198 deferendas?
1121 2126 1179 2199 Tu
1204 2130 1256 2220 pi·

185 2229 187 2234 ’
267 2247 329 2316 ger
352 2222 475 2293 dormis
501 2247 552 2292 ma
578 2244 615 2290 e:
640 2221 772 2293 avaritia
795 2222 920 2313 inquit,
947 2219 1043 2317 surge
1068 2219 1120 2292 eia
1143 2221 1255 2321 surge,

266 2312 440 2389 strecusas
470 2300 621 2411 surgere,
648 2314 761 2398 instat,
789 2319 826 2391 ὅ(
860 2319 989 2410 inquit,
1018 2316 1125 2413 surge.
1168 2319 1255 2393 Res·

266 2417 393 2504 pondes
419 2433 454 2482 tu
481 2414 604 2508 piger,
632 2436 772 2505 nequeo
794 2413 934 2508 surgere.
975 2415 1124 2487 Avaritia
1150 2417 1252 2513 surge.

267 2513 385 2608 Piger:
418 2510 469 2579 En
498 2511 576 2602 quid
603 2509 732 2600 agant?
779 2512 945 2582 Avaritia:
973 2510 1152 2600 Quaerisne
1182 2516 1255 2608 quid

263 2610 431 2703 agendum
461 2602 497 2674 stt
524 2605 611 2677 tibi?
640 2607 691 2676 En
719 2607 846 2677 advehe
873 2633 916 2680 ex
942 2610 1050 2677 Ponto
1071 2607 1257 2698 saperdam,

263 2705 470 2784 castoreum,
499 2701 625 2795 stupas,
643 2700 834 2784 hebenum,
858 2703 956 2783 thus,
981 2703 1055 2776 Coa
1077 2705 1157 2776 'vina
1179 2733 1257 2779 ven·

263 2818 347 2871 trem
384 2800 531 2871 laxantia.
583 2799 685 2870 Tolle
721 2800 846 2890 primus
882 2797 901 2871 ὲ
934 2797 1096 2871 sitibundo
1116 2805 1256 2876 'camelo

263 2919 376 2967 recens
401 2897 506 2987 piper.
552 2897 651 2969 Muta
679 2894 833 2987 aliquid,
862 2894 945 2987 iura.
985 2897 1111 2988 Piger:
1139 2902 1209 2983 Sed
1236 2899 1258 2972 li

262 2992 474 3086 pejeraver0‚
504 2992 632 3082 Jupiter
666 2995 785 3063 audiet.
835 2990 1000 3064 Avaritia:
1033 2993 1138 3071 Heu,
1167 2996 1258 3079 heu,

215 3142 220 3147 -
262 3087 379 3170 stulte,
412 3087 584 3181 minusque
617 3090 706 3159 reste
737 3085 905 3173 sentiens,
934 3089 957 3159 st
985 3089 1033 3160 vis
1067 3091 1185 3164 vivere
1218 3119 1257 3167 etr

262 3188 403 3257 deorum
428 3185 622 3275 preceptis,
653 3208 790 3277 perages
816 3185 916 3256 vitam
942 3186 973 3255 in
999 3209 1120 3281 magna
1147 3214 1256 3264 rerum

262 3280 428 3379 egestate,
457 3299 628 3350 contentus
650 3281 814 3352 terebrare
835 3283 942 3377 digito
970 3281 1106 3354 salinum
1136 3285 1255 3359 iterum

259 3380 447 3470 iterumque
471 3374 648 3470 gustatum.
693 3377 786 3449 Audi
806 3381 924 3450 rursus.
973 3380 1048 3459 Jam
1076 3379 1255 3459 suetinsiur

259 3495 350 3569 aptas
379 3473 475 3546 servis
500 3474 563 3544 tuis
588 3473 791 3557 manticam,
821 3475 858 3547 ἃ
888 3472 1058 3548 vasculum
1090 3478 1255 3555 vinarium

256 3592 295 3647 ut
321 3594 429 3646 curras
456 3593 559 3666 ocyus
587 3570 628 3638 ad
656 3593 798 3642 navem:
828 3569 908 3641 nihil
939 3570 1066 3656 obstat,
1094 3576 1177 3666 quin
1205 3600 1253 3649 ra-

256 3691 354 3763 ptum
378 3666 513 3759 naviges
530 3667 678 3758 AEgeum
697 3689 809 3751 mare,
833 3666 890 3738 nifi
914 3685 1006 3741 cauta
1029 3666 1162 3749 luxuria
1184 3695 1255 3743 mo·

255 3784 329 3839 neat
353 3766 443 3860 prius
467 3782 499 3832 te
523 3761 660 3834 secreto.
700 3761 838 3846 lusam,
856 3763 923 3857 qub
950 3764 1039 3838 ruisi
1064 3762 1155 3858 qub?
1178 3770 1255 3863 quid

252 3861 313 3933 tibi
341 3862 413 3936 visi
460 3861 579 3934 Tuum
612 3878 702 3931 certe
728 3862 843 3950 pessus
875 3881 941 3935 atra
971 3860 1038 3932 bile
1071 3862 1254 3942 intumuit,

249 3982 352 4048 quam
392 3982 459 4028 non
495 3957 623 4048 integra
656 3979 738 4027 urna
774 3953 936 4031 hellebori
973 3956 1083 4027 sedare
1118 3960 1250 4049 poterit.

249 4054 352 4142 Tune
376 4055 527 4128 celeriter
550 4053 688 4148 naviges
713 4067 800 4128 trans
827 4054 945 4131 marei
970 4052 1030 4130 uhi
1047 4060 1253 4223 coenanduhn

1240 4168 1253 4222 t
