2859 4709
242 464 314 539 442
591 445 898 518 Scironia

242 581 315 654 effe.
340 582 495 673 Ibidem,
520 585 762 680 Amphiaraum
776 586 873 658 inllar
889 583 1032 654 deorum
1055 581 1134 654 coli.
1169 581 1243 656 Val.

241 679 339 752 Max.
362 685 403 754 de
425 682 608 756 honoribus
633 685 848 778 Amphiarai:
872 678 1056 770 Stephanus
1079 681 1120 752 de
1143 680 1240 753 urbib.

156 856 163 875 ι
242 776 420 862 Pindarus,
444 781 621 876 AEschylus
647 783 681 853 in
706 788 836 878 Septem
861 782 906 850 ad
927 776 1067 848 Thebas.

290 876 332 960 ils.
344 882 426 970 238.
451 870 581 971 Quique
606 878 672 948 alto
700 881 735 950 in
759 879 852 950 melle
880 876 1065 966 necatum.)
1089 873 1162 946 Hic
1185 875 1244 946 fuit

242 970 423 1067 Polyidus,
440 978 495 1071 qui
510 975 679 1052 Glaucum
693 977 822 1048 Minois
842 972 948 1044 filium
971 972 1004 1039 in
1029 973 1123 1043 dolio
1143 973 1246 1044 mellis

240 1065 437 1144 suffocatum
458 1073 535 1146 vitae
559 1069 707 1142 restituit.
747 1073 805 1143 De
828 1070 880 1143 his
904 1066 1005 1139 &de
1030 1068 1101 1140 aliis
1128 1069 1247 1145 Glauci

240 1161 400 1256 jucundas
424 1172 624 1241 narrationes
649 1170 802 1240 dedimus
824 1170 858 1238 in
882 1164 1003 1238 Alciati
1031 1166 1247 1253 emblematis,

240 1261 338 1334 titulo
365 1268 518 1336 Gramen:
544 1265 632 1334 illinc
656 1285 749 1357 pete:
778 1265 917 1340 &vide
946 1262 1121 1359 Adagium
1145 1266 1247 1337 Glau-

241 1380 298 1429 cus
323 1363 386 1431 mel
410 1364 517 1433 bidens
543 1362 670 1432 revixit.

290 1479 371 1548 241.
399 1462 443 1528 Et
469 1461 524 1554 qui
548 1461 636 1529 mille
658 1461 780 1550 rates.)
804 1455 875 1528 Hic
899 1455 964 1530 fuit
988 1455 1133 1528 Chalcas
1157 1455 1249 1528 Thr·

240 1548 368 1624 storidis
386 1553 487 1628 filius:
506 1558 547 1626 de
569 1555 635 1626 hoc
656 1579 794 1648 quoque
816 1554 948 1649 egimus
967 1553 1001 1622 in
1021 1553 1248 1629 Emllcmatis:

240 1649 360 1734 titulo,
380 1654 434 1722 Ex
459 1652 569 1724 arduis
584 1672 707 1749 perpet.
730 1676 852 1723 nomen.

288 1768 369 1840 242.
397 1755 471 1822 Aut
487 1751 542 1845 qui
562 1754 688 1845 magica
700 1747 779 1839 stra
801 1772 963 1820 murmura
985 1747 1147 1842 lingum)
1168 1751 1249 1822 ordo

241 1839 304 1912 est:
333 1845 429 1934 Quid
453 1848 567 1940 loquar
592 1848 709 1930 illum,
733 1845 789 1938 qui
812 1844 881 1915 fera
905 1845 941 1919 ὃ(
968 1846 1128 1918 terribilia
1157 1871 1249 1918 mur·

239 1963 338 2011 mura
362 1943 481 2015 iterans
508 1945 621 2038 lingua
647 1943 787 2037 Magica
812 1943 950 2015 deduxit
975 1940 994 2008 ὲ
1015 1944 1113 2012 coelo
1138 1940 1248 2015 sereno

238 2033 369 2108 fulmen
393 2039 474 2112 illud
502 2065 569 2132 quo
597 2039 721 2122 vitam,
747 2059 783 2110 ut
810 2055 1003 2128 optaverat,
1029 2037 1146 2110 finiit?
1172 2045 1249 2133 qui·

241 2157 306 2224 que
332 2134 419 2226 juffit
441 2155 478 2209 ut
502 2138 668 2216 bidental,
691 2135 728 2210 ὅ(
750 2135 876 2207 cineres
898 2135 1160 2217 custodirentur,
1187 2161 1247 2227 ap-

238 2225 409 2321 po'fitive,
435 2230 520 2326 dtdla
545 2233 716 2321 servantia
743 2233 887 2330 Tymm
916 2234 1188 2310 Achaemenium,
1213 2232 1245 2302 id

239 2326 312 2402 est,
337 2329 499 2422 Regnum
529 2328 707 2402 Persicum.
749 2329 806 2400 Est
839 2346 950 2400 autem
983 2331 1116 2424 Tyaras
1143 2326 1244 2417 (telle

239 2425 398 2507 Polluce,
425 2425 460 2499 de
485 2427 612 2518 Suida)
647 2445 879 2498 ornamentum
907 2426 1043 2517 capitis,
1075 2426 1168 2520 quod
1192 2423 1246 2496 loli

238 2544 336 2615 reges
359 2524 507 2593 ereetum
534 2520 728 2615 portabant,
751 2524 869 2614 reliqui
894 2522 1110 2615 depressum,
1136 2548 1174 2594 ac
1201 2522 1246 2593 in·

240 2619 408 2691 clinatum.
450 2620 665 2690 Zoroailrem
690 2620 744 2689 hic
773 2618 925 2713 intelligit
953 2619 1158 2699 Politianus,
1184 2643 1247 2691 non

239 2740 358 2808 regem
376 2716 469 2788 illum
493 2720 766 2793 saeculorum,
786 2740 887 2807 quem
905 2717 1028 2787 occidit
1054 2719 1191 2800 Ninus,
1210 2719 1247 2788 de

239 2837 307 2902 quo
335 2813 480 2893 Jussinus
507 2816 537 2883 in
556 2813 649 2885 initio
669 2810 716 2884 sui
740 2815 860 2903 operis.
895 2814 1042 2887 Fuerunt
1064 2815 1162 2885 multi
1185 2815 1247 2884 hoc

238 2909 395 2988 nomine,
419 2909 454 2984 dt
481 2909 611 2983 fortalle
635 2933 751 2981 omnes
777 2910 888 3004 Magi.
937 2913 1028 2981 Nam
1052 2909 1116 2999 (ut
1137 2912 1246 3002 inquit

240 3006 312 3077 Cic.
341 3006 394 3075 lid.
409 3027 436 3078 1.
463 3008 617 3095 divinat.)
643 3010 755 3081 nullus
776 3029 835 3074 rex
859 3005 1030 3092 Persarum
1045 3005 1147 3100 potest
1168 3006 1246 3100 effe,

235 3104 292 3196 qai
313 3127 375 3173 non
398 3126 473 3174 ante
487 3111 667 3198 Magorum
687 3104 909 3198 disciplinam,
921 3103 1153 3201 scientiamque
1173 3128 1245 3204 per·

237 3203 373 3297 ceperit.¹
413 3204 519 3271 Porro
534 3203 730 3276 Zoroastres
747 3225 894 3278 nornen,
915 3224 1098 3272 commune
1122 3202 1244 3295 sapien·

233 3298 321 3370 tibus
346 3295 409 3368 effe
435 3300 659 3377 crediderim,
685 3299 935 3389 &corruptum
962 3323 1004 3367 ex
1027 3297 1168 3394 integris
1189 3323 1244 3373 vo·

231 3396 353 3475 cibus,
377 3411 438 3464 zm
455 3410 567 3488 Αςρον,
591 3399 612 3466 i.
639 3392 903 3488 vivens'aslrum.
935 3394 1042 3466 Redle
1061 3399 1168 3492 igitur
1188 3395 1244 3468 Pli-

234 3494 308 3565 nius
337 3494 390 3563 lid.
404 3516 460 3582 30.
490 3514 556 3589 cap.
573 3515 602 3566 1.
629 3494 758 3564 dubitat
790 3491 934 3562 fueritne
954 3515 1057 3572 unus,
1079 3520 1119 3564 an
1136 3493 1244 3574 multi,

232 3593 323 3660 unde
349 3591 488 3684 Magica
511 3591 691 3683 prodierit,
715 3588 806 3660 addit
834 3589 914 3658 Plio.
958 3589 1118 3662 Eudoxus
1142 3596 1244 3665 Zoro-

228 3686 345 3780 uslrem
366 3690 450 3758 lunc
465 3690 526 3775 sex
548 3687 691 3760 millibus
715 3712 873 3760 annorum
897 3707 972 3756 ante
990 3689 1143 3760 Platonis
1167 3713 1244 3759 mor·

230 3802 294 3854 tem
311 3782 424 3875 suisse'
432 3787 594 3880 prodidit.
637 3786 794 3857 Ibidem:
825 3789 870 3856 Et
895 3784 995 3854 vicies
1023 3809 1154 3859 centurn
1174 3786 1243 3857 mil·

230 3879 276 3950 lia
306 3882 453 3968 versuum
477 3883 498 3953 d
523 3882 693 3980 Zoroastre
718 3883 859 3953 condita.
903 3880 1005 3950 Idem
1029 3884 1113 3955 Plio.
1140 3882 1198 3953 zib.
1214 3903 1246 3974 7.

229 3998 300 4069 cap.
320 3980 378 4048 16.
419 3977 531 4072 Rififfe
556 3980 665 4054 rodem
691 3981 769 4057 die,
793 4003 856 4073 quo
875 3980 1006 4073 genitus
1031 3977 1125 4071 ψ,
1154 4001 1246 4050 unum

229 4076 383 4147 latrantem
410 4081 588 4173 accepimus
602 4072 605 4079 ⁴
619 4072 841 4173 zoroastrem:
872 4078 976 4150 eidem
1009 4079 1175 4153 cerebrum
1201 4079 1246 4146 ita

1167 4170 1246 4274 pale
