2859 4709
226 406 230 413 ’
301 439 356 495 ni
380 435 492 495 siau
515 390 677 494 ornis.
715 419 852 494 aian.
877 422 961 512 ca.
1048 378 1161 515 ⁵559-

204 560 239 613 te
265 544 388 616 nobilia
415 546 570 620 Tempe:
597 546 662 616 hic'
678 544 866 623 Libethra,
892 541 1143 637 carminumque

206 654 251 712 tes
278 641 440 734 objacent.
489 643 586 713 Tum
614 641 678 732 jain
708 639 794 714 valle
821 639 858 715 &
881 639 1025 712 inultum
1063 665 1147 731 pro·

208 758 274 809 iens
302 740 453 821 Gtaecia,
480 740 515 813 ὅ(
541 739 621 809 duni
648 738 853 834 Mytihotim
878 739 1016 831 pelagus
1046 737 1150 807 attin-

213 832 266 913 ,a
292 834 513 927 septentrione
537 838 569 904 in
592 837 767 907 meridiem
784 837 899 914 vesta,
925 861 989 927 qua
1011 829 1058 904 sol
1083 832 1149 911 ori·

211 970 224 1009 ,
252 933 406 1027 AEgaeis,
429 958 491 1027 qua
517 933 658 1011 occidit,
683 933 788 1003 Ioniis
815 929 971 1005 fluctibus
998 929 1149 1022 objacet:

212 1032 357 1118 proxime
379 1029 519 1123 spaciosa
536 1030 582 1102 est
597 1029 715 1102 Hellas
731 1032 890 1109 nomine,
909 1028 1023 1122 grandi
1040 1025 1151 1099 fronte

213 1128 314 1198 cedit:
343 1153 425 1200 mox
450 1127 531 1200 tiiari
555 1147 721 1222 utroque,
741 1126 794 1197 sed
820 1126 921 1197 Innio
949 1124 1075 1219 tnagis,
1101 1124 1153 1206 la-

215 1249 219 1292 i
240 1225 311 1318 ejits
332 1224 493 1308 intrante,
510 1227 616 1312 donec
638 1227 785 1317 quinque
802 1225 904 1294 millia
927 1223 1074 1313 passuum
1093 1246 1154 1312 pa·
1176 1254 1182 1286 i

216 1321 358 1394 imcdia
386 1324 493 1393 ferme
522 1313 627 1411 prope
652 1323 819 1392 inciditur.
861 1321 998 1394 Deinde
1021 1319 1153 1391 rursum

217 1418 244 1490 is
268 1418 333 1491 liuc
357 1418 387 1487 se
412 1419 447 1489 δι
476 1415 577 1494 illuc,
599 1441 719 1488 verum
735 1418 780 1486 'in
804 1417 942 1490 Ionium
966 1442 1058 1490 mare
1084 1441 1156 1488 ma·

229 1513 492 1606 expandentibus
517 1511 758 1608 progressisque
779 1511 815 1581 in
839 1516 966 1590 altum,
991 1540 1059 1586 non
1084 1530 1156 1585 tani

240 1636 341 1703 quani
370 1627 547 1700 coeperat,
576 1615 695 1704 ingens
718 1631 828 1681 tamen
855 1611 976 1681 iterum
1001 1613 1036 1685 ὅ(
1066 1608 1155 1703 quasi

222 1707 322 1779 insola
347 1705 554 1789 extenditur,
579 1726 785 1798 vocaturque
811 1707 1083 1800 Peloponnesos,
1108 1696 1156 1777 oh

219 1804 296 1879 ts&
321 1803 568 1895 promontoria,
593 1806 685 1899 queis
711 1824 746 1878 ut
763 1803 859 1899 ¹libris
879 1804 986 1876 littora
1013 1803 1083 1898 ejus
1105 1805 1159 1872 in-

244 1898 338 1981 sunt,
362 1901 455 1972 simul
481 1906 569 1991 quod
595 1900 683 1973 tenui
712 1900 841 1972 traii'iite
864 1903 899 1971 in
923 1901 1023 1972 latum
1048 1894 1159 1972 effun-

220 2021 267 2074 ir,
297 1998 412 2088 platani
435 1996 520 2067 solio
545 1997 719 2070 simillima.
762 1998 804 2067 In
828 1999 1029 2070 Macedonia
1053 1998 1160 2088 prima

231 2092 418 2175 Thessalia,
445 2093 562 2166 deinde
586 2094 778 2190 Magnesia,
804 2094 985 2167 Phthiotis:
1007 2097 1041 2166 in
1061 2095 1161 2169 Grae-
1216 2164 1220 2170 .

227 2192 354 2273 Doris,
377 2192 514 2269 Locris,
533 2194 675 2278 Phocis,
696 2193 847 2272 Boeotis,
866 2193 977 2273 Attis,
990 2193 1162 2286 Megari5‚

237 2289 388 2362 omnium
413 2285 500 2359 Attis
517 2290 696 2361 clariffima.
733 2291 775 2360 In
797 2290 1030 2381 Peloponneso
1047 2293 1161 2382 Argo·

239 2385 594 2470 Laconice,M'ellenia
608 2435 618 2468 ‚
634 2387 780 2467 Achaia,
796 2389 885 2477 Elis,
899 2387 1059 2459 Arcadia:
1076 2382 1163 2458 ultrii

225 2484 310 2566 olla,
337 2483 542 2563 Acarnania,
575 2486 697 2574 Epiros
720 2483 826 2575 usque
849 2485 882 2553 in
913 2487 1065 2556 Adriam.
1102 2483 1162 2552 De

225 2603 243 2648 s
256 2625 267 2663 ‚
282 2600 378 2673 atque
396 2579 559 2663 urbibus,
579 2606 653 2673 quae
669 2606 758 2651 mare
776 2607 842 2652 non
858 2581 982 2660 abluit,
999 2581 1071 2650 haec
1090 2603 1163 2648 ma-

226 2702 251 2746 ie
267 2680 481 2750 memoranda
500 2676 587 2748 sunt:
605 2680 639 2747 in
650 2677 814 2750 Thessalia
830 2676 968 2761 Larissa,
987 2676 1163 2768 aliquando
1187 2695 1189 2698 ·

226 2797 295 2843 :osz
319 2775 353 2843 in
372 2773 545 2868 Magnesia
567 2777 723 2846 Antron:
752 2780 784 2846 in
806 2776 996 2848 Phthiotide
1018 2772 1162 2854 Phthia:

227 2870 351 2942 Doride
380 2871 526 2949 Pindus,
549 2872 584 2946 ὅ(
610 2872 700 2966 juxta
726 2871 822 2945 situm
849 2876 1013 2946 Erineon:
1035 2871 1070 2940 in
1088 2873 1164 2942 Lo-

227 2969 253 3037 le
278 2968 457 3064 Cynos&
490 2969 667 3042 Calliaros:
694 2970 728 3038 iti
761 2968 908 3043 Phocide
937 2967 1095 3061 Delphi,
1127 2965 1166 3040 ὃ(

227 3089 261 3133 ns
276 3063 464 3145 Parnassos,
481 3066 698 3156 &Apollinis
722 3065 954 3159 sanum'atque
972 3067 1144 3139 oraculum
1153 3091 1172 3162 :¹

228 3159 359 3230 Boeotia
383 3161 537 3243 Thebae,
553 3164 588 3235 ἅ
607 3161 788 3255 Cythaeron
807 3163 926 3236 sabulis
947 3161 1166 3236 carminibus·

228 3281 232 3322 i
256 3257 522 3337 celeberrimus:
551 3259 583 3327 in
613 3259 728 3328 Attide
751 3261 882 3334 Eleusin
906 3263 1024 3336 Cereri
1048 3260 1176 3333 conse··
1208 3326 1210 3331 ,

228 3368 275 3421 la:
296 3353 331 3428 ἃ
349 3355 501 3427 clariores
520 3379 618 3445 quam
637 3374 673 3426 ut
693 3356 828 3429 indicari
847 3355 990 3452 egeant,
1015 3355 1167 3430 Athenae.

228 3451 406 3544 Megaride
423 3453 510 3537 unde
528 3453 659 3546 regioni
676 3478 799 3532 nomen
814 3453 878 3535 est,
896 3454 1059 3546 Megara:
1082 3473 1113 3528 at
1133 3457 1169 3525 in

229 3547 336 3639 gelide
360 3553 471 3642 Argos
490 3546 525 3619 ὅ(
542 3551 727 3644 Mycenae‚
756 3552 793 3624 dt
820 3553 986 3642 templum
1004 3552 1173 3634 Junoiiis,

229 3643 328 3715 ullate
355 3645 389 3718 ὅ(
415 3647 578 3741 religione
596 3647 797 3734 percelebre.
834 3650 876 3719 In
907 3649 1076 3719 Laconide
1095 3632 1169 3722 Te*
1212 3640 1214 3647 ’

230 3765 291 3820 ne,
318 3742 560 3822 Lacedaemon,
580 3744 753 3836 Amyclae,
777 3771 874 3818 mons
898 3746 1085 3841 Taygetus.
1126 3746 1169 3815 In

231 3836 332 3910 nenia
351 3838 500 3911 Messene
518 3838 554 3911 ὃ(
570 3839 746 3912 Methone.
787 3845 829 3914 Iii
849 3842 972 3915 Achaia
989 3862 1087 3937 atque
1103 3841 1173 3913 Eli·

238 3941 407 4030 quondam
434 3936 513 4008 Pisae
536 3938 732 4018 Oenomai,
763 3941 891 4015 Elis&
920 3963 1045 4014 numen
1075 3944 1173 4012 delu-

232 4060 336 4133 inque
369 4034 521 4142 Olympii
546 4034 567 4120 J
571 4037 665 4128 ovis,
698 4043 884 4121 certamine
912 4035 1226 4204 Quintinae&Q

764 4152 766 4159 '
1016 4207 1018 4210 y
1124 4146 1203 4218 dilig
1221 4154 1236 4173 “
