2859 4709
400 432 990 511 Auuorartouen
1121 468 1193 546 ιη

239 558 323 635 208.
343 560 416 631 Nec
429 560 488 630 tibi
497 556 543 654 fit
561 559 694 631 tumidis
706 563 820 633 melior
831 563 1033 657 Neptunus.)
1072 568 1194 651 Cevx,

187 650 229 727 δι
255 655 413 746 Alcyone
437 680 542 735 uxor,
568 656 719 731 &frater
741 659 931 731 Daedalium
957 660 1041 732 versi
1066 654 1138 736 suni
1161 669 1195 739 in

188 772 277 823 aves.
317 751 664 825 Ovid.11.Metam.
877 764 879 773 '

236 849 322 923 208.
340 850 536 944 Sollertique
549 851 647 941 uiro.)
675 849 717 918 Id
738 846 1011 946 est,U1yffi,cui
1032 856 1195 953 naufrago

189 942 255 1013 Ino
279 941 373 1017 sotor
399 940 545 1017 Semeles
568 944 600 1014 in
623 970 719 1019 avem
741 947 885 1020 Gavtam
906 952 1062 1022 conversa
1078 956 1193 1026 velum

190 1039 305 1119 dedit,
333 1066 403 1134 quo
429 1041 612 1115 succinElus
637 1042 789 1114 enatavit.
829 1042 977 1117 Homer.
1008 1050 1115 1144 Odyff.
1137 1071 1170 1143 5.

227 1140 322 1213 208.
341 1139 379 1215 V
377 1140 408 1210 el
425 1162 503 1218 ruo,
528 1163 567 1209 ne
579 1158 677 1233 portae
695 1164 798 1235 gertus
823 1140 907 1228 stoc.)
933 1141 1060 1213 Metius
1080 1144 1193 1217 Suffe-

188 1230 254 1303 tius
276 1236 344 1307 dux
358 1236 566 1306 Albanorum
582 1237 747 1329 quadrigis
760 1235 904 1329 illigatur
925 1235 1093 1323 distradlus
1116 1243 1191 1314 suit.

190 1326 263 1399 Tit.
281 1329 356 1402 Liv.
370 1331 407 1403 &
424 1332 548 1425 Virgil.
562 1334 594 1405 8.
624 1334 757 1403 AEtrer'd.
779 1337 868 1424 quod
881 1350 990 1404 autem
1007 1336 1048 1408 air
1064 1340 1194 1412 Poeta:

287 1430 345 1499 Ne
370 1452 477 1524 genus
504 1431 561 1500 doc
584 1448 683 1524 potue
709 1428 893 1523 cognoverit
923 1454 1015 1500 unus.

190 1520 340 1599 Videtur
363 1526 500 1597 innuere
524 1522 630 1595 solum
646 1526 793 1597 Metium
815 1520 987 1595 Suffetiutn
1006 1526 1099 1599 fuisse
1123 1529 1191 1601 hoc

189 1617 318 1713 genere
336 1646 444 1711 poenae
462 1621 676 1692 muletarum:
699 1639 730 1691 ar
750 1619 939 1691 Plutarchus
964 1623 998 1689 in
1012 1625 1190 1698 Porollelis

188 1714 271 1784 dicit
295 1717 393 1787 etiam
412 1717 633 1811 Pyraeclymcn
656 1713 805 1788 Euboeae
826 1739 942 1810 regem
962 1714 1113 1793 Hercule
1136 1722 1193 1813 ju-¹

188 1808 293 1881 bene
317 1809 335 1883 ir
357 1817 523 1908 quadrigis
545 1811 637 1883 fuisse
662 1814 884 1882 dilaceratum.

235 1910 319 1983 208.
339 1910 376 1985 V
373 1912 403 1982 cl
423 1936 513 2006 quor,
535 1912 590 2004 qui
614 1909 755 1995 redimi.)
782 1910 838 1979 De
853 1908 972 1979 Marco
989 1908 1107 1981 Attilio
1120 1910 1193 1982 lle·¹

191 2006 271 2097 gulo
305 2008 397 2097 pleni
435 2006 505 2079 sunt
532 2003 615 2075 libri.
665 2004 757 2077 Vide
789 2002 1057 2097 elegantillimam
1089 2009 1191 2079 Oden

190 2097 310 2172 Horat.
338 2102 396 2172 lib.
414 2124 447 2193 3.
479 2103 544 2190 Od.
562 2121 593 2193 ς.
622 2103 723 2195 Aget.
753 2102 807 2172 lib.
823 2104 856 2175 6.
877 2123 946 2196 cop.
964 2121 996 2194 4.
1042 2100 1135 2174 Cice.
1156 2122 1191 2193 3.

192 2194 289 2364 iilffic·
316 2198 394 2272 Val.
416 2200 512 2272 Max.
532 2200 584 2272 lib.
595 2220 629 2295 9.
644 2218 712 2294 cup.
725 2219 759 2275 a.
796 2197 1003 2291 Augustinus
1021 2200 1060 2270 dt
1088 2200 1191 2273 Civit.

235 2315 294 2365 .1.
324 2320 361 2366 ca
386 2314 425 2367 .1
454 2346 463 2365 .

233 2394 321 2467 208.
337 2315 412 2463 uice
428 2312 484 2461 ridi
493 2385 661 2483 sulfidio.)
687 2388 854 2461 Priamum
873 2389 971 2473 dicit,
985 2412 1086 2482 quem
1103 2392 1191 2485 Pyr-

189 2482 266 2555 rhus
299 2488 421 2556 occidit
451 2488 539 2578 juxta
570 2510 659 2557 aram
693 2485 787 2565 Jovis
822 2486 959 2558 Hercei.
1011 2485 1136 2577 Virgil.
1153 2506 1189 2564 2.

191 2582 325 2653 AEttrid.
349 2583 440 2657 Vide
459 2583 699 2654 Annotationes
719 2585 863 2674 Egnarii.

237 2699 324 2771 209.
350 2682 452 2775 thue
474 2680 565 2752 dedit
579 2677 684 2763 soltus
705 2676 723 2747 ὲ
739 2679 863 2765 summo
887 2673 1056 2768 Theffitlut
1077 2671 1190 2763 Offo.)

189 2774 338 2846 Alciarus
356 2775 387 2844 in
407 2794 471 2845 tres
491 2774 594 2847 libros
615 2773 809 2866 posteriores
826 2771 962 2846 Codicis
983 2771 1086 2864 legit,
1101 2771 1192 2841 Tire·

187 2870 284 2957 salis,
312 2870 348 2942 ἀ
372 2869 521 2965 intelligit
545 2871 750 2964 Aglaonicen
774 2867 955 2965 Egemonis
980 2862 1123 2936 Thessali
1149 2864 1192 2935 fi·

188 2966 292 3047 liam,
316 2973 361 3039 de
388 2992 448 3058 qua
474 2968 665 3039 Plutarchus
690 2969 724 3037 in
746 2969 916 3062 preceptis
951 2962 1193 3035 connubialilrur

187 3066 220 3133 in
233 3063 317 3152 fine.
371 3066 435 3131 Sed
452 3064 517 3133 illic
538 3067 659 3157 legitur
680 3066 851 3157 Agronice
868 3061 1054 3155 Hegetoris
1071 3055 1191 3128 Thes-

188 3158 239 3233 sali
263 3159 333 3230 filia
348 3156 545 3254 Alltologiae
561 3162 672 3252 perita.
713 3162 769 3230 De
790 3158 868 3230 saltu
883 3156 965 3231 verd
988 3157 1076 3228 nulla
1096 3175 1194 3223 men-

188 3258 256 3327 tio:
288 3281 390 3347 quare
413 3256 500 3327 aliud
523 3258 748 3349 quaerendum.
794 3255 990 3327 Calderinus
1015 3252 1057 3322 stc
1078 3272 1194 3342 expo-

188 3354 245 3421 nit.
294 3352 436 3422 Hemon
463 3351 567 3424 filium
594 3351 707 3421 habuit
745 3349 965 3432 Thellalum,
1000 3349 1056 3439 qui
1087 3368 1194 3437 quum

187 3446 389 3519 Thessaliam
407 3448 548 3540 imperio
573 3467 719 3525 teneret,
733 3447 773 3516 ab
789 3450 935 3542 Euryalo
951 3445 1075 3516 advena
1097 3438 1195 3529 (nant

188 3564 254 3615 etat
269 3546 481 3644 Corcyreus)
498 3569 540 3615 ex
557 3542 636 3615 Olla
653 3561 767 3613 monte
788 3546 1006 3635 precipitatus
1028 3536 1083 3608 est.
1118 3538 1194 3604 Ne-

187 3658 263 3713 cato
279 3643 375 3714 etiam
399 3641 537 3712 Nestane
557 3637 683 3725 filio‚‘a
706 3664 774 3731 quo
795 3640 952 3712 Nelonus
976 3637 1070 3710 locus
1087 3633 1193 3705 diuus

187 3736 253 3820 est,
283 3755 317 3809 ut
345 3738 455 3809 scribit
475 3738 604 3811 Strabo
648 3736 736 3810 Haec
758 3737 835 3821 ille,
861 3761 935 3828 quar
954 3727 1092 3806 mirific‘e
1112 3753 1191 3823 qua·

187 3838 342 3915 natent,
363 3834 385 3906 fi
407 3839 495 3926 apud
512 3837 605 3906 illum
629 3835 829 3928 legerentur.
870 3835 948 3927 Ego
968 3833 1073 3901 donec
1096 3829 1194 3899 aliam

187 3930 494 4022 interpretationem
515 3933 681 4004 inveniam
699 3931 896 4006 meliorem,
922 3928 1003 3998 hanc
1028 3925 1195 4015 obtrudo:

187 4030 510 4121 Quemadmodum,
526 4030 651 4121 inquit,
665 4028 830 4100 altiffitnus
853 4019 932 4098 Olsa
953 4046 1050 4097 mons
1068 4020 1130 4091 fuir
1152 4013 1196 4085 ab

255 4126 457 4205 enutrierit·
474 4128 575 4222 Optr.
601 4126 767 4239 ¹Tomll.
902 4122 929 4191 P
1076 4116 1197 4210 Olym-
