2859 4709
237 381 309 458 218
415 377 455 446 P.
489 377 663 457 Ourou
696 376 803 448 Nus.
835 342 886 446 in
918 375 1067 446 lonc

236 505 348 593 thue
369 500 460 573 Milo
482 499 585 576 robur
608 503 774 574 deducere
796 498 891 571 fiffite
916 519 1041 580 tentes,

275 602 363 685 ¹Nec
387 597 485 686 poffis
509 618 618 690 captas
640 600 717 670 inde
737 596 860 668 referre
884 621 1007 668 manus.
1182 682 1184 687 Ι

235 692 500 787 Muneribusque
523 696 589 768 tuis
611 696 738 768 laedaris
757 714 795 765 ut
822 693 955 774 Icarus,
981 696 1015 763 iu
1038 719 1141 788 quem

202 809 203 813 ’
286 793 400 863 Intulit
426 810 563 864 armatas
586 791 676 864 ebria
692 787 797 863 'turba
821 813 947 864 manus.

238 891 413 982 Quodque
436 889 552 960 dolore
577 889 667 961 necis
696 890 809 982 patriae
831 891 883 982 pia
904 886 970 959 filia
990 887 1091 972 fecit,

284 987 428 1062 Vincula
451 1010 511 1077 per
528 985 634 1081 laquei
656 986 708 1057 fac
732 1011 866 1081 quoque
888 1001 1003 1080 guttur
1022 1005 1086 1060 eat.

238 1079 489 1176 obstrietusque
511 1084 633 1155 samem
660 1083 792 1175 patiaris
814 1082 928 1153 limine
951 1081 1060 1162 teeti,

286 1182 331 1251 Ut
358 1182 468 1273 legem
495 1205 604 1271 poenae
627 1179 679 1251 cui
701 1181 792 1251 dedit
819 1178 886 1270 ipsa
914 1202 1039 1270 parens.

226 1277 330 1348 ,Illius
354 1276 509 1367 exemplo
534 1278 639 1350 vioies
664 1275 832 1349 simulacra
857 1276 1042 1357 Minervas,

284 1373 414 1446 Aulidis
435 1398 453 1442 a
480 1397 579 1466 portu
602 1375 658 1468 qui
684 1374 756 1445 leve
781 1371 878 1445 vertit
902 1374 975 1446 iter.

238 1471 499 1560 Naupliadaeque
524 1474 628 1543 modo
652 1469 733 1541 fluo
760 1495 820 1564 pro
849 1467 985 1540 crimine
1016 1489 1137 1563 poenas

286 1568 403 1638 Morte
427 1566 520 1646 luas,
546 1593 608 1641 nec
633 1588 666 1639 te
691 1593 758 1642 non
786 1564 937 1639 memisse
968 1567 1072 1657 juvet.

238 1663 396 1736 AEthalon
421 1681 459 1737 ut
484 1667 548 1738 vita
574 1663 721 1757 spoliavit
748 1663 864 1738 Isidius
891 1662 1010 1755 hospes
1059 1741 1061 1744 ,

288 1760 406 1849 Quem
434 1784 565 1833 memor
592 1787 610 1832 a
638 1759 734 1833 sacris
760 1787 847 1834 nnnc
870 1784 1005 1851 quoque
1028 1757 1122 1849 pellit
1147 1761 1203 1834 Io.

240 1858 351 1947 thue
377 1858 613 1930 Melantheum
636 1858 780 1928 tenebris
810 1885 827 1929 a
854 1860 943 1927 cade
968 1860 1128 1929 latentem

290 1953 437 2024 Prodidit
464 1953 577 2027 officio
603 1954 735 2025 luminis
762 1955 829 2047 ipsa
854 1978 986 2044 patens:

240 2051 294 2120 Sic
320 2068 375 2123 tua
403 2051 559 2144 conjedtis
582 2049 747 2123 fodiantur
776 2075 917 2141 corpora
941 2051 1040 2131 telis,

287 2147 342 2216 Sic
369 2172 487 2239 precor
513 2148 641 2218 auxiliis
665 2149 846 2239 impediare
868 2148 941 2218 tuis.

242 2244 360 2332 Qualis
384 2246 477 2336 equis
500 2244 623 2343 pastis,
651 2268 736 2339 quos
761 2245 853 2317 fortis
875 2243 994 2336 agebat
1020 2241 1189 2330 Acidiles,
1238 2324 1241 2331 ,

239 2342 243 2349 ’
289 2341 373 2410 Aeta
400 2340 524 2434 Phrygi
553 2343 670 2412 timido
699 2341 770 2423 est,
795 2366 864 2414 nox
888 2340 949 2410 ubi
973 2339 1044 2410 talis
1067 2360 1129 2413 eat.

242 2435 320 2504 Nec
346 2455 380 2507 tu
403 2456 500 2528 quam
526 2436 694 2520 Rhoesus,
719 2437 833 2510 somno
859 2439 998 2508 meliore
1024 2434 1163 2524 fruaris,

289 2533 403 2622 Quam
426 2533 564 2605 comites
585 2533 723 2616 Rhoesi‚
749 2558 787 2609 tu
811 2537 900 2606 necis
921 2549 993 2604 ante
1015 2532 1128 2606 diem:

243 2630 357 2716 Quam
384 2654 467 2722 quos
492 2654 567 2701 cum
594 2630 723 2704 Rutulo
748 2633 847 2706 morti
871 2632 1055 2703 Rhamnete
1078 2634 1242 2715 dederunt

290 2726 442 2820 Impiger
468 2724 668 2824 Hyrtacides
696 2729 955 2824 Hyrtacidaeque
981 2750 1106 2800 comes.

241 2820 467 2914 Cliniadaeque
494 2827 602 2911 modo..
624 2827 832 2900 circundatus
859 2823 990 2920 ignibus
1014 2823 1117 2910 atris,

290 2916 446 2988 Membra
472 2919 555 2991 seras
578 2923 704 3016 Stygiae
730 2914 952 2995 semicremata
977 2919 1064 2988 neci.

243 3013 355 3101 thue
380 3013 490 3085 Remo
518 3039 633 3089 muros
657 3018 736 3092 auso
758 3015 889 3094 transire
911 3034 1085 3102 recentes,

292 3108 405 3184 Noxia
431 3109 490 3181 smt
517 3114 614 3206 capiti
640 3117 756 3190 rustica
784 3117 848 3190 tela
871 3134 939 3187 tua.

243 3206 401 3300 Denique
425 3209 615 3284 Sarmaticas
637 3212 722 3287 inter
749 3210 949 3306 Geticasque
974 3209 1102 3304 sagittas

173 3338 175 3343 2
294 3303 361 3376 His
384 3331 502 3397 precor
524 3329 560 3380 ut
585 3312 705 3396 vivasq
726 3314 762 3387 de
787 3300 928 3382 moriare
954 3307 1048 3378 locis.

243 3397 331 3470 Haec
356 3402 415 3473 tibi
437 3403 590 3496 tantisper
616 3405 822 3482 subito'sunt
848 3406 938 3476 missa
963 3401 1099 3494 libello,

291 3498 512 3572 Immemores
535 3526 577 3573 ne
600 3526 661 3574 nos
691 3504 756 3578 esse
772 3520 915 3601 'querare
940 3501 1004 3573 tui.

246 3596 352 3667 Proca
377 3600 531 3688 equidem
555 3598 675 3681 fateor,
701 3601 759 3675 sed
787 3603 833 3677 dii
857 3601 933 3672 dent
956 3598 1049 3691 plura
1075 3598 1224 3696 rogatis,

269 3718 271 3722 ⁴
292 3693 582 3788 Multiplicentque
601 3692 659 3772 siro
685 3720 764 3774 vota
788 3701 903 3773 favore
928 3719 1012 3765 mea.

243 3787 423 3862 Postmodo
449 3793 541 3885 plura
568 3790 682 3888 leges,
705 3793 742 3872 dt
762 3819 886 3869 nomen
912 3789 1065 3868 habentia
1088 3817 1231 3880 verum,

292 3888 334 3956 Et
358 3891 445 3984 pede
469 3913 537 3988 quo
559 3889 680 3970 debent
701 3895 787 3973 acria
810 3891 895 3969 betta
917 3890 1001 3989 geri.

1039 3988 1070 4074 F
1080 3987 1172 4075 ΒΑ
1182 3990 1245 4075 N·
