2859 4709
233 428 307 503 wo
443 419 1028 496 Anuorrrtoues

232 545 404 638 uferatur.
448 548 538 637 Quae
564 544 662 615 lertio
687 541 725 615 lit
747 541 936 637 recipienda
956 565 1019 615 nec
1042 560 1106 624 tte,
1125 532 1239 612 doflis

233 645 311 716 viris
335 644 548 737 judicandum
572 640 767 734 relinquam.

285 744 352 813 Hic
375 741 453 811 milri
477 737 652 834 responfitm
673 740 796 834 primus
820 734 907 809 dedit
931 733 986 805 ille
1001 731 1136 827 peremi.
1168 729 1241 801 Fu·

234 837 300 908 tilis
320 836 355 908 δι
374 836 479 908 malus
503 832 702 915 versiculus,
724 833 749 904 st
766 832 988 928 grammatice
1003 828 1239 918 interpreteris.

236 934 303 1003 Sed
326 929 516 1023 responsum
541 929 595 1000 hic
619 953 688 999 non
712 954 773 1021 pro
805 926 1017 1019 responsione
1040 923 1146 1015 accipi
1173 924 1242 993 de·

235 1028 315 1108 bet,
344 1026 400 1097 sed
424 1052 485 1119 pro
513 1027 566 1097 dei
593 1027 752 1098 oraculo:
780 1044 817 1095 ut
851 1024 884 1094 in
909 1023 994 1094 illis:
1016 1020 1161 1114 votisque
1176 1016 1245 1110 fr-

237 1117 313 1197 runr
333 1122 481 1220 responsa
501 1144 560 1218 per
583 1146 699 1196 auras:
732 1120 791 1194 &r
818 1123 859 1192 In
892 1120 998 1192 dubiis
1024 1117 1169 1213 responso
1188 1133 1243 1209 pe·

238 1242 329 1292 tunt:
354 1219 390 1292 tlt
409 1239 505 1316 pater
530 1219 595 1314 ipse
615 1240 730 1316 persus
752 1215 898 1314 responsa
920 1216 1071 1288 Latinus.
1119 1214 1241 1304 Itaque

238 1314 418 1405 responsa,
452 1316 486 1385 id
520 1315 594 1397 est,
630 1313 762 1389 oracula
797 1330 962 1405 petuntur.
999 1309 1142 1382 Deinde
1173 1332 1242 1384 vox

239 1414 359 1506 (ille)
390 1435 462 1502 quar
491 1411 654 1504 aliquibus
678 1413 810 1485 videtur
837 1411 1048 1491 redundare,
1078 1428 1242 1501 magnum

225 1578 227 1583 .
240 1509 321 1600 quid
334 1505 479 1578 insinuat.
505 1510 597 1579 Solet
612 1507 701 1595 enim
716 1505 883 1602 Virgilius
895 1505 1068 1577 articulum
1080 1504 1242 1577 Graecum

242 1601 453 1694 exprimere,
468 1619 564 1698 atque
583 1608 668 1677 adeo
691 1628 770 1677 cum
786 1606 926 1696 quadam
944 1597 1108 1693 emphali‚
1125 1621 1194 1671 nott
1208 1616 1244 1673 ιιι

241 1700 363 1793 aliquid
378 1699 517 1786 referat,
530 1699 584 1773 sed
596 1698 788 1774 ostendendi
800 1700 914 1795 gratia.
932 1699 1066 1771 AEueld.
1079 1717 1138 1771 10.

573 1821 639 1892 (lu
663 1823 772 1896 Sirius
795 1821 919 1904 ardor,

242 1958 245 1963 ·
293 1917 358 1988 Ille
362 1913 453 2010 fitim
464 1916 646 2009 morbosque
648 1915 763 2005 ferens
771 1915 1075 2014 mortalibusaegrr‘s.
1085 1914 1243 1988 AEne.11.'
1286 1923 1288 1929 “

239 2055 246 2070 ·
294 2021 351 2088 Ae
368 2015 456 2083 velut
473 2013 653 2106 ineptius,
675 2036 769 2107 quum
785 2013 854 2086 sela
871 2000 997 2087 mimico
1005 2011 1199 2107 sequamur.

294 2109 414 2196 Occiso
438 2103 564 2203 pastore
590 2111 684 2203 lupus
943 2109 1149 2186 AEneid.-1a.
1220 2192 1222 2196 ,

292 2207 435 2280 Saucius
459 2205 517 2274 ille
536 2207 635 2297 gravi
657 2226 831 2277 venantum
855 2208 988 2280 vulnere
1012 2203 1134 2300 petius.

293 2300 379 2373 Tum
404 2303 527 2371 demum
551 2320 677 2381 movet,
701 2327 792 2374 armo
817 2302 876 2373 leo.
963 2303 1097 2396 Georg.
1112 2323 1147 2395 3.

292 2395 354 2494 Est
380 2397 476 2468 etiam
502 2395 557 2466 ille
580 2399 683 2470 molus
706 2398 845 2472 calabris
869 2397 1061 2488 insultibus
1082 2400 1223 2496 arguis·
1254 2474 1256 2481 ,

296 2515 481 2591 Submitrite
501 2535 623 2588 tauros.
641 2519 838 2592 Submittere
852 2540 959 2594 tauros
974 2517 1020 2590 ell
1037 2512 1247 2599 substituere,

248 2613 286 2687 δι
309 2635 512 2708 propagare,
530 2629 575 2682 ut
599 2637 642 2684 ex
662 2615 718 2689 Μ.
727 2616 903 2698 Varrone,
922 2617 958 2692 &
979 2614 1170 2690 Columella
1191 2617 1247 2685 in-

224 2827 227 2831 *
247 2705 503 2876 tillicgrietxulsizll}
521 2733 564 2781 ex
582 2708 678 2783 titulo
702 2714 742 2783 dr
761 2737 825 2803 rer.
841 2712 935 2803 divis.
958 2714 1047 2806 apud
1069 2708 1249 2808 luriscons.

246 2898 249 2903 ’
296 2917 376 2992 rur
392 2919 513 3007 suaves
537 2918 663 2994 aerata
690 2922 973 3012 utrumnum
997 2925 1114 3018 porea
1166 2919 1250 2994 ebra

296 3014 463 3106 Laetificos
484 3038 619 3113 nequeas
633 3015 734 3107 ferus
746 3021 944 3108 summittere
967 3023 1074 3093 tellus.

300 3134 452 3210 Obdusas
476 3136 601 3231 pofituo.
640 3137 814 3237 Obscurus
836 3139 942 3217 sensus
965 3139 1007 3212 lic
1030 3142 1141 3213 lucem
1161 3135 1253 3214 acci·

250 3232 328 3325 pier.
372 3235 537 3324 Quamvis
559 3231 673 3323 pascua
699 3253 755 3307 tua
773 3261 840 3310 non
865 3241 907 3308 ita
931 3241 1011 3315 laxis
1033 3235 1181 3309 terminis
1201 3242 1252 3312 in-

251 3329 444 3415 cludantur,
472 3349 508 3401 ut
533 3355 635 3422 pecus
658 3333 791 3427 longius
815 3335 912 3424 pollis
937 3316 1093 3429 evagatil
1114 3330 1182 3404 hoc
1204 3353 1254 3410 ta·

251 3448 331 3495 men
355 3424 516 3498 habebitis
545 3428 718 3507 utilitatis,
749 3431 894 3518 primum
918 3452 955 3503 ur
980 3445 1187 3525 praegnantes
1215 3432 1253 3507 δι

251 3543 371 3616 graves
397 3546 477 3594 oves
501 3521 632 3595 insuetis
655 3522 783 3615 pabulis
804 3551 872 3598 nort
896 3545 1087 3599 tententur:
1111 3526 1254 3604 deinde,

251 3638 289 3688 ut
308 3643 381 3709 quae
397 3619 462 3713 jam
481 3642 698 3710 pepererunt,
713 3623 802 3692 nulla
817 3622 900 3695 mala
916 3624 1067 3717 contagia
1082 3645 1125 3693 ex
1144 3618 1254 3695 alieno

250 3735 375 3803 pecore
390 3716 589 3786 contrahant.
634 3719 740 3788 Porro
757 3719 901 3794 verbum
916 3722 1071 3794 obducere
1089 3741 1157 3788 non
1174 3720 1255 3794 vul·

251 3809 322 3901 gari
338 3814 440 3882 modo
463 3811 679 3902 interpretor,
704 3813 762 3884 sed
778 3839 840 3906 pro
857 3820 1001 3898 vallare,
1022 3833 1079 3889 aut
1099 3810 1256 3889 obturare

253 3926 295 3974 ne
320 3905 441 3998 etquid
466 3911 665 4002 egrediatur.
713 3912 921 4001 Pomponius
954 3915 1077 3994 Meta,
1103 3915 1144 3984 tle
1174 3912 1255 3988 Nili

252 3996 370 4096 ostro:
395 4007 628 4091 vertumnis,
651 4030 733 4103 quus
755 4031 825 4084 sum
833 4009 1120 4106 fludibuslt'ttori
1145 4011 1257 4107 applie

1110 4187 1115 4203 .
1161 4125 1257 4188 calli,
