2859 4709
235 402 320 491 216'
449 404 564 475 Pur.
595 405 793 479 Ovtntr
825 408 1018 479 Nxsox.¹

235 540 407 631 Quodque
433 536 497 610 luae
521 531 605 629 palia
629 538 674 610 est
699 539 808 632 pellex
831 535 931 608 invila
958 534 1083 612 sorori,

281 637 420 707 Excidat
442 652 515 707 aute
538 637 640 724 pedes
668 634 780 731 lingua
805 632 925 705 tesedia
948 653 1032 704 tuos.

234 732 405 824 Cognitor
426 749 463 802 ut
486 731 584 803 tardae
611 732 730 804 Btaesus
755 731 955 826 cognomine
980 723 1156 824 Myrrbaei
1255 801 1257 805 ,

283 830 387 899 Orbis
412 827 445 897 iu
468 826 646 899 innumeris
669 828 834 902 inveniare
860 825 953 896 locis.

233 926 343 1018 Inque
365 926 429 996 tuis
452 922 588 1016 opifex,
615 928 682 997 vati
705 926 797 1018 quod
818 920 897 993 fecit
921 917 1069 1011 Achaeo,

284 1022 398 1093 Noxia
423 1019 600 1093 luminibus
614 1018 741 1113 'spicula
771 1022 887 1091 condat
915 1018 995 1109 apis.

234 1117 361 1194 Fixus,
388 1119 424 1192 ὃ(
445 1118 480 1186 in
506 1116 593 1187 duris
616 1118 753 1208 carparis
776 1115 897 1188 viscera
921 1112 1023 1194 laxis,

284 1215 330 1287 Ut
355 1215 407 1283 cui
437 1212 559 1308 Pyrrha
586 1211 633 1284 sui
658 1213 724 1307 filia
748 1212 851 1284 fratris
878 1225 956 1282 erat.

236 1313 283 1382 Ut
312 1334 393 1400 puer
418 1307 621 1402 Harpagidae
646 1308 766 1381 referas
791 1298 1149 1401 exempta‘Thyest22

282 1406 389 1497 Inque
412 1410 458 1475 tui
488 1407 587 1476 cael'us
609 1404 729 1477 viscera
752 1404 851 1495 patris
875 1427 940 1476 eas.

234 1502 370 1574 Trunca
392 1525 486 1594 geras
513 1499 599 1573 saevo
622 1503 776 1574 mutilatis
798 1501 942 1590 partibus
964 1492 1070 1579 ense,

286 1599 407 1688 Qualia
434 1598 574 1668 Nicerni
598 1600 747 1670 membra
770 1593 861 1667 soille
887 1595 1007 1667 ferunt.

232 1695 329 1782 ,Utve
352 1693 522 1786 syracono
547 1695 718 1784 praellridla
739 1695 833 1767 fauce
859 1696 984 1782 poeta,

286 1791 338 1860 Sic
362 1792 480 1861 animae
505 1791 623 1884 laqueo
649 1788 770 1862 lit-via
785 1788 891 1861 clausa
911 1807 987 1862 tuae.

233 1884 407 1976 Nudaque
432 1887 556 1976 direpta
582 1903 710 1977 pateant
736 1903 790 1958 tua
816 1884 937 1957 viscera
960 1883 1066 1976 pelle,

287 1983 333 2053 Ut
359 1982 516 2079 Phrygii,
542 1984 635 2074 cujus
660 1981 792 2054 nomina
813 1981 937 2053 flumen
959 1980 1069 2052 habet.

234 2078 385 2151 Saxificae
412 2084 521 2154 videas
544 2077 754 2152 infoelixora
776 2076 947 2160 Medusa,

286 2175 485 2265 Cephenum
504 2174 628 2246 multos
653 2198 725 2268 quae
750 2177 838 2246 dedit
860 2197 925 2246 una
945 2173 1029 2244 neci.

235 2273 438 2355 Potniadum
465 2270 592 2343 morsus
617 2268 729 2343 subeas
753 2270 809 2361 (ut
833 2272 1001 2360 Glaucus)
1025 2290 1206 2362 equarum,

288 2365 394 2458 Inque
418 2369 514 2439 maris
539 2365 626 2437 salias
649 2371 799 2444 Glaucus
821 2367 883 2456 (ut
907 2367 1013 2458 alter)
1034 2388 1142 2460 aquas.

237 2461 351 2550 thue
375 2464 503 2535 duobus
531 2463 619 2532 idem
643 2466 739 2535 dietis
765 2462 846 2534 mibi
871 2486 994 2534 numen
1016 2461 1151 2536 habenti

287 2560 471 2642 Praefocent
500 2559 615 2631 animae
639 2558 764 2635 Gnosia
785 2557 883 2630 mella
908 2558 1019 2632 viam:

238 2650 457 2750 Sollicitoque
481 2657 573 2727 bibas
597 2656 698 2750 Anyti
728 2650 927 2727 dudliffimus
948 2653 1028 2728 olim

285 2750 532 2840 Imperturbato
560 2753 649 2844 quod
675 2749 757 2821 bibit
783 2775 840 2822 ore
864 2775 949 2823 reus.

238 2843 317 2913 Nec
344 2845 424 2924 tibi,
448 2847 472 2918 fi
498 2849 576 2940 quid
600 2870 709 2932 amas,
734 2846 879 2920 foelicius
903 2849 1070 2924 Haemoue
1092 2852 1208 2938 cedat,

286 2941 398 3034 thue
423 2942 476 3017 sua
501 2947 675 3016 Macareus
685 2986 702 3023 ‚›
720 2942 763 3013 stc
786 2945 910 3034 potiare
934 2964 998 3017 tua.

237 3033 284 3104 Ut
304 3040 437 3122 videas,
461 3040 654 3134 quodiam,
676 3064 753 3110 cum
769 3040 908 3110 llammae
927 3043 1043 3115 cundia
1060 3059 1233 3127 tenerent,

285 3132 473 3226 Hedloreus
496 3136 595 3228 patria
621 3137 701 3207 vidit
727 3134 873 3208 aburbe
899 3161 992 3227 puer.

177 3230 180 3235 ’
237 3228 404 3323 Sanguine
429 3231 551 3324 probra
574 3231 661 3314 luas,
684 3247 720 3301 ut
744 3255 806 3304 avo
833 3233 986 3326 genitore
1010 3249 1159 3319 creatus,

151 3392 154 3403 ,
286 3328 349 3395 Per
371 3329 495 3400 facinus
520 3326 611 3398 soror
633 3325 679 3396 est
702 3328 757 3399 cui
781 3327 835 3401 lua
859 3328 944 3400 faeta
971 3353 1099 3421 pareus.

237 3420 372 3494 Offibus
399 3426 498 3518 inque
524 3421 588 3496 tuis
612 3422 668 3491 teli
694 3447 799 3519 genus
819 3423 939 3496 hareat
961 3429 1062 3508 illud,

284 3519 446 3592 Traditur
471 3521 659 3610 Icariiquo
684 3520 832 3592 cecidille
859 3544 971 3616 gener.
1135 3514 1140 3523 ’

235 3609 348 3704 thue
374 3615 498 3709 loquax
522 3614 554 3684 in
582 3637 670 3705 equo
696 3613 743 3685 ell
766 3614 861 3689 elisus
886 3634 1019 3713 guttura
1042 3625 1186 3702 atberun,¹

283 3712 338 3780 Sic
365 3711 425 3782 tibi
452 3713 623 3785 claudatur
652 3710 773 3800 pollice
796 3715 888 3785 vocis
910 3716 982 3784 iter.

236 3802 307 3872 Aut
330 3821 364 3875 ut
389 3806 602 3882 Anaxarchus
628 3809 692 3897 pila
716 3810 870 3881 minuaris
893 3810 926 3880 in
952 3809 1034 3893 alta,

282 3898 440 3996 laetaque
464 3930 527 3998 pro
555 3901 654 3978 lolitis
676 3901 828 3999 l‘tugibus
850 3904 916 3982 olla
938 3903 1063 3984 fouent.
