2859 4709
464 317 835 459 R‘oswtcus.
1078 384 1147 476 363

220 511 311 586 Nam
336 509 413 607 quid
434 510 565 585 delicias
589 513 776 585 memorem?
794 530 946 605 quamque
963 507 1032 579 olto
1050 507 1151 580 labori
1182 502 1184 507 ’

221 611 304 683 Orio
316 608 512 697 setccedaml
531 613 600 702 jam
623 614 760 705 primum
786 606 899 700 obseffa
920 606 1047 700 pruinis

223 708 303 779 Cum
321 711 406 803 juga
420 706 566 802 floriferi
588 707 784 800 regelaverit
806 726 886 776 auro
907 702 1056 779 Favoni,

174 808 342 896 75Suaue
353 806 501 892 serenato
526 801 634 874 rident
656 826 742 895 vaga
760 799 871 894 fidere
896 800 981 872 colo.

221 904 329 974 Suave
356 902 417 971 ciet
441 902 552 971 tardos
576 920 636 996 per
649 898 770 984 sudum
795 901 873 970 luna
891 901 1071 991 juvencos,

221 996 298 1088 Ipsa
323 1019 444 1093 quoque
468 999 590 1069 aetherii
615 996 731 1067 melius
753 996 834 1067 nitet
859 995 963 1065 orbita
978 992 1118 1083 fratris,

220 1094 352 1189 Terque
369 1107 541 1189 quaterque
562 1118 655 1165 manu
675 1092 875 1165 madidantes
895 1090 1024 1163 neilare
1048 1092 1152 1163 crines

220 1192 403 1285 Exprimit,
429 1188 471 1265 (7
490 1191 602 1283 glebas
618 1187 776 1279 fecundis
800 1189 930 1268 roribus
948 1189 1057 1284 impiet

174 1287 223 1361 80
233 1288 268 1362 V
268 1287 338 1359 eila
365 1284 533 1373 Medusaeo
558 1287 691 1360 Titania
717 1308 854 1383 prepete
877 1288 1004 1381 conjux.
1058 1373 1064 1384 k

221 1386 323 1456 Alma
347 1409 464 1456 novum
485 1385 581 1456 telius
605 1385 698 1456 vultu
721 1382 901 1475 nitidifftmo
923 1385 1067 1479 germen

221 1481 360 1561 Fundit,
384 1482 425 1557 (θ’
452 1481 630 1577 omnigenis
652 1503 748 1552 ornat
761 1480 825 1567 suo
851 1500 991 1576 tempora
1008 1477 1151 1574 gemmis.

221 1578 329 1648 liaiio
347 1577 536 1673 pudibunda
554 1574 646 1670 finus
671 1577 744 1665 roso
759 1578 921 1672 sanguine
945 1578 1070 1670 tingit,

222 1676 399 1771 Nigraque
422 1699 483 1746 non
506 1699 568 1746 uno
592 1675 680 1746 viola
701 1670 745 1765 est
768 1692 912 1744 contenta
934 1672 1055 1754 colore,

169 1769 222 1864 :85
235 1770 338 1841 Albet
363 1772 461 1851 enim,
480 1772 593 1852 ruber,
607 1767 817 1867 &pallorem
841 1769 929 1842 ducit
951 1790 1136 1848 amantum,

224 1872 270 1940 Ut
285 1866 365 1952 sune
387 1888 478 1952 orta,
493 1871 644 1959 cadunt,
673 1870 747 1940 niue
773 1866 959 1940 candidiora
984 1861 1128 1960 ligustra.

219 1968 296 2039 Neo
319 1962 444 2059 longelm
464 1970 581 2037 iurant
605 1965 750 2036 calathos
773 1966 899 2036 imitata
920 1964 1081 2057 potenteis

222 2061 331 2140 Lilia,
350 2060 413 2149 sed
434 2063 564 2157 longum
577 2056 671 2153 siant
691 2064 846 2159 purpurei
871 2059 1080 2130 Amarantlci.

221 2159 288 2230 Hic
310 2160 523 2231 Salaminiaci
539 2156 688 2245 scribunt
702 2158 766 2246 sua
790 2158 921 2229 nomina
936 2158 1069 2253 flores,

169 2257 294 2341 [90Hic
315 2276 448 2349 gratum
466 2253 597 2333 Cereri,
643 2257 807 2347 lenumque
816 2254 936 2346 sopore
955 2273 1103 2350 papaver

222 2352 370 2438 oscitat,
394 2352 446 2423 iric
469 2352 572 2422 initiat
590 2275 715 2444 AEimet
736 2347 928 2443 Narciffus‚
953 2372 987 2420 at
1009 2351 1079 2422 illic

221 2447 376 2546 Corycias
402 2450 462 2519 alit
487 2473 569 2518 aura
593 2473 728 2526 crocos,
748 2468 917 2541 notumque
944 2449 1079 2527 theatris

222 2547 320 2617 Αἶγα
337 2565 396 2638 per
417 2565 559 2616 tenerum
570 2547 663 2641 flatu
688 2540 832 2640 disperſst
856 2547 995 2616 odorem.

221 2644 295 2715 Nec
314 2646 386 2738 jam
401 2643 596 2733 flammeolae
619 2644 788 2713 connivent
810 2641 933 2712 lumina
957 2643 1063 2713 caltae.

169 2741 303 2830 395Neo
327 2740 484 2810 melilotos
506 2734 592 2833 abest
619 2738 754 2838 Tyrium
772 2737 867 2834 seges
894 2738 954 2807 illa
977 2739 1122 2812 ruborem

219 2835 353 2915 Induit,
376 2836 427 2906 iric
450 2838 528 2908 vino
551 2836 652 2933 cespes
666 2837 706 2925 fe
716 2836 825 2924 jolias
848 2835 882 2905 in
903 2857 1009 2917 auro,

219 2932 289 3003 Ha
308 2935 444 3009 niveos,
464 2934 513 3003 ltae
537 2934 678 3032 Cyaneos
694 2934 851 3027 superare
875 2932 1006 3029 lapillos

221 3030 425 3101 Consentiunt
449 3028 580 3108 lnrlae,
606 3051 801 3123 vernantque
823 3028 977 3100 micantia
998 3027 1064 3102 lati

222 3127 396 3208 Gramina,
407 3142 467 3219 per
480 3130 627 3210 tumulos,
636 3146 756 3221 perque
771 3125 959 3217 umbriferos
971 3127 1150 3212 convallesj

168 3224 352 3318 uotaque
374 3222 477 3295 amnis
500 3227 590 3295 taciti
616 3227 726 3319 ripas,
749 3244 845 3319 atque
867 3226 973 3295 omitia
996 3225 1112 3299 rident.

218 3320 342 3391 Omnia
364 3320 548 3403 luxuriant,
574 3321 615 3397 (ν’
639 3323 742 3393 amica
765 3322 835 3392 luce
857 3321 1032 3408 coruscant.

216 3417 413 3490 Parturiunt
427 3415 559 3512 stipula
574 3416 730 3513 frugem,
754 3418 1009 3517 &genitalibus
1034 3418 1123 3491 auris

216 3515 363 3597 Persia,
387 3518 569 3610 turgescunt
592 3515 782 3588 iaiieniilus
804 3516 924 3589 hordea
946 3514 1069 3587 culmis.

216 3610 345 3696 Palmes
369 3612 438 3705 ogit
465 3629 557 3705 rupto
581 3609 805 3707 lacrymamus
828 3611 946 3687 cortice
966 3624 1130 3705 gemmasc'

168 3722 213 3800 05
226 3711 329 3801 Seque
352 3710 448 3782 rudes
466 3707 581 3806 primis
607 3705 780 3802 monstrant
805 3709 839 3783 in
860 3706 981 3780 vitibus
1005 3733 1085 3781 uuae.

213 3805 324 3878 Dulce
349 3808 454 3881 uirem
479 3829 595 3880 tenera
622 3800 714 3880 modi
739 3826 815 3880 nata
839 3802 1003 3881 cacumina
1015 3803 1145 3907 sylva}

213 3903 485 4001 Succeescumque
500 3908 566 4003 piae
585 3906 748 4001 pullorum
773 3904 920 3976 examina
942 3909 1049 3979 matri.
1125 3937 1143 3962 e·

215 3996 291 4103 ipso
302 3997 367 4100 seii
383 4005 514 4120 ignotas
537 4023 672 4087 tutatur
694 4000 840 4084 adultero
853 3996 991 4101 frondes
1076 4100 1148 4181 At'
