2859 4709
327 409 383 467 na
406 408 517 468 stau
541 391 1016 477 onerabuntur.
1110 392 1172 489 58

213 523 325 622 ilignis
347 525 415 606 est,
437 525 531 622 cujus
555 522 705 598 antillites
721 542 883 617 perpetua
902 523 1089 616 virginitate
1114 517 1184 598 sani·

213 625 284 700 lae,
310 646 452 694 numero
479 647 601 694 novem
630 619 692 691 esse
723 625 929 698 traduntur,
963 619 1055 696 Galli
1084 620 1182 695 Senes

214 738 336 797 ocant,
363 738 545 812 putantque
583 717 723 811 ingeniis
756 715 972 820 singularibus
1008 714 1183 806 praeditas,

214 817 291 888 raaia
321 839 358 889 ac
396 834 513 886 ventos
545 818 707 886 concitare
747 811 978 894 carminibus,
1015 810 1113 903 seque
1148 812 1182 881 in

214 936 264 983 uae
289 914 390 984 velint
415 913 563 983 animalia
586 931 734 989 vertere,
760 908 867 981 sanare
893 933 967 1001 quae
988 912 1077 1000 apud
1100 907 1182 1001 alios

215 1007 374 1080 tsanabilia
391 1009 505 1089 sunt,
533 1005 613 1078 scire
640 1027 778 1080 ventura
814 1005 851 1091 ὅ(
887 1006 1090 1094 predicere,
1123 1003 1181 1076 sed

215 1128 256 1174 nn
279 1103 337 1174 nifi
362 1106 469 1177 dedita
489 1104 732 1199 navigantibus,
755 1102 792 1176 ὅ(
817 1104 849 1171 in
875 1103 909 1174 id
930 1119 1055 1172 tantum
1081 1117 1118 1173 ut
1145 1100 1181 1174 se

215 1198 391 1274 ansulerent
411 1201 576 1294 profestis.
621 1199 784 1273 Britannia
806 1200 907 1291 qualis
927 1196 985 1279 stt,
1006 1195 1181 1291 qualesque

215 1318 385 1390 regeneret
403 1341 426 1380 a*
449 1323 531 1370 mox
561 1300 701 1369 certiora
728 1297 764 1369 ὅ(
792 1298 897 1390 magis
926 1293 1094 1388 explorata
1126 1293 1181 1363 di·

215 1416 312 1465 amur.
357 1396 494 1485 Quippe
523 1412 591 1465 tam
618 1395 675 1465 diu
699 1389 838 1463 clausam
862 1386 968 1484 aperit'
990 1415 1069 1464 ecce
1089 1389 1180 1484 prin·

215 1491 300 1580 {pum
326 1493 515 1575 maximus«,
544 1513 605 1560 nec
630 1487 864 1561 indomitarum
889 1483 993 1564 modb
1015 1506 1091 1581 ante
1120 1485 1202 1573 se„-

215 1610 304 1660 erum
331 1587 517 1678 ignotarum
543 1608 677 1678 quoque
703 1585 853 1679 gentium
869 1584 995 1663 vietor,
1017 1586 1074 1675 qui
1097 1608 1178 1675 pro-

214 1685 329 1754 riarum
353 1704 464 1754 rerum
489 1682 592 1754 fidem
618 1701 655 1754 ut
680 1680 769 1753 bello
794 1678 975 1762 affesla'vim
998 1679 1039 1750 ita
1060 1684 1178 1751 triurn-
1229 1764 1231 1769 Α

214 1778 254 1859 lo
281 1777 496 1855 declaraturus
517 1794 633 1871 portat.
677 1778 848 1851 Caeterum
871 1794 908 1848 ut
930 1775 1037 1850 adhuc
1061 1775 1178 1849 habui·
1232 1772 1235 1782 ¹

214 1898 285 1956 tus,
309 1876 394 1946 inter
418 1872 672 1969 septentrionem
700 1877 973 1964 occidentemque
1004 1871 1177 1965 profesta,

213 1973 299 2042 randi
325 1971 447 2067 angulo
482 1971 594 2043 Rheni
620 1969 699 2043 ostia
723 1969 916 2063 prospicit,
943 1969 1062 2041 deinde
1092 1965 1178 2040 obli·

213 2093 246 2140 aa
276 2085 362 2143 retro
393 2069 490 2140 latera
517 2067 692 2149 abstrahit,
727 2068 827 2150 altero
863 2064 1043 2146 Cassiam,
1073 2065 1177 2139 altero

213 2168 399 2238 lermaniam
422 2166 583 2256 sputans,
609 2184 683 2241 urm
707 2163 815 2235 rursus
841 2181 1001 2255 perpetuo
1026 2162 1177 2257 margine

212 2263 297 2333 {resti
319 2261 437 2356 littoris
457 2263 626 2355 abstergo
648 2285 684 2332 re
705 2260 1001 2340 abdu6la‚iterum
1016 2255 1047 2330 se
1068 2261 1102 2328 in
1125 2260 1177 2331 tli-

212 2357 291 2430 arsos
315 2359 456 2456 angulos
482 2375 596 2430 cuneat
620 2359 794 2451 triquetra,
824 2354 861 2428 δι
886 2356 1005 2428 Siciliae
1030 2354 1174 2431 maxime

212 2455 320 2534 nilis,
354 2459 473 2549 plana,
498 2455 640 2546 ingens,
677 2452 864 2534 foecunda,
894 2452 1010 2525 verbm
1035 2455 1075 2526 iis
1099 2477 1174 2546 quaa

211 2576 300 2622 aeota
324 2551 421 2644 quiam
447 2551 599 2622 homines
624 2551 800 2641 benignius
820 2549 911 2619 alant.
952 2552 1030 2621 Fert
1055 2574 1174 2622 nemo·

211 2690 236 2728 .‚
261 2648 382 2730 saltus,
409 2674 445 2721 ae
473 2648 675 2740 praegrandia
699 2646 835 2718 flumina
866 2645 996 2716 alternis
1026 2644 1174 2718 motibus

210 2741 284 2814 totlb
310 2745 344 2817 in
371 2747 533 2840 pelagus,
559 2741 661 2816 modb
677 2745 770 2828 retrb
794 2739 950 2825 fluentia,
968 2739 1005 2814 &
1022 2746 1174 2835 quaedam

210 2863 330 2912 emmas
353 2837 607 2937 margaritasque
627 2843 824 2935 generantia.
866 2837 944 2909 Fert
961 2839 1103 2931 populos
1118 2865 1174 2912 re·

210 2935 302 3030 esque
328 2940 554 3032 populorum,
585 2935 641 3009 sed
671 2936 746 3008 sunt
772 2936 885 3007 inculti
913 2957 1055 3018 omnes,
1075 2953 1173 3031 atque

209 3051 215 3104 t
244 3034 417 3129 longiusia
446 3034 626 3130 continenti
652 3031 795 3117 absunt,
826 3033 867 3104 ita
901 3029 1036 3104 aliarum
1067 3057 1173 3124 opum

208 3132 436 3225 parimagis,
457 3128 585 3205 tantum
608 3153 732 3221 pecore
750 3154 787 3201 ac
802 3127 923 3223 finibus
943 3126 1050 3210 dites,
1068 3128 1174 3201 incer-

208 3251 249 3304 ιω
276 3224 321 3299 ob
345 3229 526 3310 decorem,
552 3251 592 3298 an
618 3227 696 3318 quid
722 3222 810 3297 aliud
835 3227 923 3299 ultro
948 3247 1088 3318 corpora
1113 3227 1173 3299 in·

207 3322 266 3395 ἂί,
316 3321 438 3401 Causas
468 3343 579 3401 autem
607 3319 777 3394 ‘bellorum
802 3347 852 3405 sex
878 3318 1012 3393 libidine
1038 3337 1188 3406 contra-2

206 3436 280 3497 ant,
304 3419 403 3501 actse
429 3418 617 3509 frequenter
643 3420 787 3490 invicem
820 3416 997 3500 infestant,
1026 3415 1172 3492 maximia

206 3515 382 3604 aperitandi
421 3515 603 3605 cupidine,
641 3514 816 3606 sludioque
851 3512 1063 3607 probandi,
1097 3539 1173 3608 quaa
1239 3556 1253 3598 t

205 3613 347 3684 allident.
389 3612 561 3685 Dimicant
588 3635 656 3684 non
685 3605 995 3706 equitaturarum,
1027 3627 1082 3688 aut
1111 3636 1173 3703 pa-

209 3728 264 3792 te,
292 3729 409 3783 verum
427 3707 464 3786 bt
484 3705 597 3803 bigis,
621 3709 658 3781 lit
681 3704 855 3787 curribus,
885 3702 1016 3784 Gallice
1046 3708 1171 3781 armati.

204 3804 327 3877 Fovinos
361 3820 506 3885 vocant,
532 3826 676 3896 quorum
705 3803 829 3875 falcatis
867 3800 983 3876 axibus
1020 3820 1171 3877 utuntur.

203 3925 277 3996 aper
303 3900 504 3973 Britanniam
531 3903 676 3984 Juverna
706 3899 787 3982 est,
824 3891 910 3990 pene
944 3921 1002 3992 par
1038 3897 1170 3991 spacio,

204 4003 225 4083 d
251 3998 403 4109 utrinque
422 3997 572 4110 equalis,
589 3999 697 4081 trabtu
718 3999 868 4081 littorum
897 3992 1067 4100 oblonga,
1091 3994 1206 4163 eosq}⁸
