2859 4709
259 444 410 539 394
467 423 547 499 ln
587 426 760 498 duur
808 428 1057 520 Prasia

261 549 306 620 etl
330 546 392 618 ille
437 549 491 645 An
520 548 714 636 pronihilo
742 550 953 640 pendendum
980 550 1051 631 eli,
1080 567 1113 620 te
1145 546 1257 625 &tua

261 646 404 717 carmina
428 640 461 711 in
489 641 604 751 scholis
639 646 703 717 elle
740 647 898 747 dissutum
926 665 1062 742 eentum
1096 636 1258 741 nobilium

256 726 520 812 cirratorum?
642 750 644 758 ’

290 838 401 907 Ecce
435 852 546 929 autem
574 837 766 926 Romulidae
796 837 891 911 saturi
912 854 1065 935 querunt
1093 835 1179 915 inter
1203 835 1258 925 bi·

256 932 432 1023 bendum,
459 938 539 1042 quid
568 928 677 1005 divina
701 939 854 1029 poe-'mata
880 953 1037 1025 narrent:
1065 933 1149 1003 inter
1175 954 1257 1043 quos

257 1018 397 1127 aliquis,
423 1028 477 1098 cni
500 1056 542 1102 ex
558 1024 702 1101 humeris
725 1029 922 1128 pendebat
910 1031 1062 1133 jacintina
1084 1030 1186 1114 laena,
1205 1018 1256 1129 qui

255 1115 560 1219 submurmurans,
580 1108 747 1215 &veluti
773 1129 813 1196 de
838 1123 986 1198 naribus
1002 1119 1256 1207 balbutientibus

257 1224 491 1323 praemittens
476 1222 679 1293 rancidulum
694 1219 902 1315 prooemium
915 1267 926 1302 ‚
929 1214 1116 1316 numerose
1133 1216 1255 1298 fluens,

259 1318 298 1391 ,ἃ
326 1338 440 1389 tenero
465 1305 671 1429 supplantans
694 1320 797 1390 verba
828 1338 987 1413 gutture,
1013 1316 1200 1414 Phyllidis,
1226 1313 1255 1390 &

251 1400 348 1525 “Hyp
352 1396 433 1510 syies
457 1415 704 1521 querimonias,
722 1414 823 1509 simul
846 1418 882 1488 ὅ(
907 1415 965 1519 alia
987 1412 1171 1525 lacrymosa
1195 1412 1255 1483 cai·

259 1511 350 1579 mina
378 1512 418 1595 de
401 1533 537 1580 cantat.
582 1511 648 1581 His
671 1511 786 1598 ornnes
811 1494 857 1579 illi
881 1502 1048 1630 magnates
1074 1513 1138 1580 vrri
1161 1499 1255 1596 allen·

255 1599 358 1688 sere,
385 1606 421 1700 ᾃ
450 1631 518 1677 uno
544 1629 602 1702 ore
629 1604 709 1689 talia
730 1593 1004 1702 promebant,
986 1632 1008 1679 Q
1044 1603 1166 1705 felices
1184 1605 1253 1676 tanti

258 1705 372 1816 posta·
399 1696 523 1774 cineres
546 1697 675 1805 cujus
659 1695 726 1795 line
750 1704 854 1773 dubio
881 1702 1031 1811 lenior
1002 1700 1121 1795 cippus
1149 1702 1253 1799 impri-

189 1845 194 1855 ·
257 1798 323 1898 4))ΓΓ
347 1796 440 1922 olla,
458 1799 613 1882 exalia
610 1822 689 1875 vero
716 1800 807 1888 parte
829 1797 977 1891 conviva
997 1794 1175 1895 laudantes
1190 1797 1252 1868 suc·

257 1890 396 1968 einuni:
423 1925 444 1975 o
470 1884 583 1965 felices
601 1899 678 1966 tanti
697 1898 805 1985 po'e'tae
820 1918 950 1974 manes,
973 1917 1014 1964 ex
1039 1888 1185 1985 quorum
1206 1914 1253 1963 tu·

260 1974 377 2071 Ι)))ΓΓΓο,
405 1991 441 2065 &
462 1975 625 2064 fortunata
649 1989 757 2089 ¹favilla
782 1980 862 2064 rosae
886 1988 1076 2085 nascentur‚'
1101 1989 1139 2081 ὃς
1163 1988 1252 2060 viola

254 2112 286 2200 4)
260 2075 479 2178 pullulabuni.
524 2086 596 2157 Hic
626 2083 705 2158 tunc
737 2089 862 2158 amicus
897 2085 1009 2158 cubito
1036 2110 1091 2156 me
1124 2087 1254 2186 tetigit,

258 2187 433 2296 inquiens.
458 2186 581 2263 Rides,
600 2180 627 2254 ὃ
640 2180 746 2259 Persi,
760 2178 796 2266 dr
811 2181 986 2282 subsannas
1030 2184 1084 2250 An
1106 2182 1153 2252 esi
1173 2180 1253 2274 ullus

260 2282 321 2374 'qui
347 2281 427 2350 nolit
455 2282 614 2371 placere,
647 2268 683 2350 &
712 2274 864 2348 omniurn
890 2303 946 2348 ora
977 2276 1125 2387 mereris
1156 2300 1254 2382 quum

248 2376 460 2469 'praesertim
472 2376 573 2470 digna
597 2378 697 2446 cedro
723 2376 853 2469 locutus
874 2372 1004 2446 faciat
991 2372 1160 2454 carmina,
1189 2396 1255 2482 quar

260 2471 454 2556 scombrum
474 2471 779 2551 theudecarius
804 2497 870 2544 non
895 2469 1109 2547 metuantio
1091 2471 1106 2500 Α
1132 2472 1256 2549 amice,

259 2567 409 2666 quisquis
434 2593 490 2645 es,
514 2592 613 2671 quem
634 2569 736 2664 modo
760 2558 984 2650 adversantem
1005 2564 1141 2644 induxi,
1165 2561 1256 2647 audi,

262 2667 300 2737 ὅ(
324 2667 430 2736 disce:
468 2668 550 2737 Non
571 2689 660 2758 egn,
682 2688 785 2755 quum
806 2664 933 2743 scribo,
958 2663 980 2757 ΓΓ
1003 2659 1113 2748 sostei
1137 2660 1257 2757 aliquid

259 2742 358 2849 scribi
381 2754 520 2855 dignum
546 2759 687 2832 emisero
703 2757 829 2850 (qua
835 2758 985 2830 rarissima
1003 2758 1056 2828 ell-
1072 2756 1170 2850 avis)
1195 2764 1258 2871 laq·

264 2856 334 2926 dari
360 2861 515 2953 timeam:
541 2880 758 2966 nequeenim
783 2858 897 2935 venae,
914 2877 968 2930 ant
992 2855 1082 2925 librae
1102 2856 1176 2926 sunt
1199 2852 1258 2926 mi-

261 2936 300 3039 bi
325 2978 478 3039 corneae
506 2946 594 3035 sed
588 2977 620 3021 )))
645 2944 838 3047 scribend0‚
865 2953 960 3025 Raeti
990 2953 1114 3030 finem,
1131 2949 1170 3023 ὅ(
1190 2950 1260 3022 sco-

251 3051 377 3145 4))14)
366 3074 443 3120 non
470 3074 559 3137 pono
590 3053 681 3143 Euge
709 3071 820 3130 suurn,
850 3046 886 3121 ὅ(
919 3072 1008 3120 tuum
1039 3050 1141 3120 Belle.
1195 3030 1260 3144 Sed

262 3132 408 3217 Reslum
432 3145 559 3239 iplinn,
587 3148 627 3215 Et
652 3145 741 3227 Belle
769 3140 906 3215 tuumst
932 3148 1094 3225 excutias,
1121 3144 1158 3217 ὅ(
1189 3163 1260 3215 ten·

263 3257 333 3339 tes,
363 3242 441 3332 quid
468 3265 535 3310 non
557 3240 882 3327 malornm,'1nveni
887 3244 946 3312 risi
988 3241 1091 3327 Hunc
1121 3236 1259 3353 scopum

263 3359 334 3415 aton
359 3339 488 3430 reperio
512 3340 545 3406 in
577 3339 692 3420 Iliade
706 3327 818 3424 Accii
833 3338 1019 3423 Labeonis,
1052 3340 1260 3429 quantumvis

265 3453 409 3511 veratro
430 3434 631 3524 plenilsnna:
668 3434 708 3504 ab
738 3420 804 3528 boc
840 3435 905 3504 sne
936 3434 1037 3527 longe
1065 3432 1254 3507 aberrant
1245 3459 1262 3505 a

265 3531 374 3616 crudis
394 3530 634 3642 proceribus
605 3532 731 3600 dislatae
756 3531 891 3624 elegiae·
909 3529 1195 3609 iidem&illa‚'
1210 3554 1260 3604 ua

264 3623 299 3695 in
325 3651 376 3694 ))).
372 3622 442 3721 ,lois
470 3625 578 3715 citreis
605 3625 796 3701 scribuntur.
839 3626 953 3718 Hujus
983 3617 1065 3694 mali
1084 3626 1109 3696 li
1133 3556 1260 3703 eausam

264 3724 404 3811 quatis,
420 3750 483 3814 fau
465 3723 531 3812 scis
555 3725 708 3812 aperiam
736 3721 779 3794 St
798 3725 888 3795 ducis
908 3727 947 3793 ad
971 3720 1187 3802 convivium,
1206 3720 1261 3823 qui

221 3905 225 3910 η
264 3820 310 3902 'ru
312 3841 341 3887 n
369 3844 422 3891 ve·
428 3822 478 3893 sus
503 3774 677 3909 errreirlet:
699 3815 875 3909 quornolo
902 3817 1057 3911 poterit
1050 3844 1170 3891 verum
1197 3816 1261 3890 eli·

267 3924 366 3978 ‘erret
396 3918 537 3998 calidum
565 3914 646 3984 liis
645 3939 770 4006 ponere
797 3939 907 4005 porcae
934 3916 1073 3986 lumen·
1108 3915 1169 4017 scis
1198 3920 1260 3986 co-

265 4008 523 4104 nr.ennudun1
543 4015 617 4118 trita
638 4015 764 4125 lacerna
787 4014 930 4084 donare:
945 4008 1021 4085 tunc
1041 4012 1154 4084 addls':
1160 3992 1260 4106 Ego

1184 4131 1261 4183 81Ἠο
