2859 4709
208 414 307 488 ⁴310
447 393 519 463 In
567 391 740 484 Aunr
791 388 1038 460 Pansrr

230 515 375 588 cendum
405 510 514 604 itaque
539 500 759 603 temperes,
786 534 894 601 neque
918 510 1062 582 inrideas
1083 498 1240 610 divitibus

208 613 308 703 ¹quia
334 628 445 700 putres
472 608 596 680 fidellas
618 610 651 679 in
675 634 765 700 penu
791 607 931 680 habeant
951 610 996 678 ob
1016 605 1169 676 defensus
1188 603 1237 669 dt·

232 711 315 781 vites
340 707 514 784 Umbros,
536 707 747 796 multumque
770 707 890 796 piperis
909 705 945 778 dc
962 728 1077 796 pernas
1101 699 1239 775 suillas,

232 829 309 897 quae
327 800 430 878 Marsi
451 801 575 872 clientis
589 800 661 872 sunt
681 821 919 880 monumenta,
937 800 1122 893 maenasque
1138 797 1238 867 innu-

232 923 365 980 meras,
391 923 464 990 quae
487 898 585 967 etiam
609 922 651 967 ex
670 898 775 989 prima
799 922 877 969 orca
899 896 1157 989 suppeditantur.

281 996 352 1066 Hic
382 995 498 1087 aliquis
529 998 671 1088 degente
695 993 822 1066 hircosa
855 994 1103 1067 Centurionum
1129 991 1236 1060 dicet:

233 1096 326 1185 quod
344 1093 416 1163 satis
439 1089 503 1174 est,
530 1089 621 1182 sapio
645 1090 746 1161 mihi:
771 1113 838 1161 non
862 1113 930 1184 ego
953 1115 1034 1161 curo
1058 1085 1236 1180 essequod

230 1186 494 1266 spiritualitas,
517 1185 552 1257 ἃ
575 1185 750 1258 aerumnosi
774 1187 937 1270 Solones,
953 1189 1009 1279 qui
1031 1184 1164 1274 obstipo
1183 1204 1235 1252 ca·

229 1287 301 1377 pite
324 1284 361 1357 ἃ
383 1283 509 1355 lumine
526 1300 661 1355 -terram
692 1282 832 1378 figentes
855 1307 1027 1356 murmura
1056 1281 1171 1352 secum
1200 1278 1236 1354 ἃ

229 1379 354 1452 silentia
380 1377 505 1449 rabiosa
534 1379 637 1469 usaue
660 1382 811 1464 rodunt,
836 1398 933 1472 atque
959 1378 1161 1474 exporredlo
1189 1375 1235 1445 la-

230 1475 320 1546 bello
352 1474 452 1547 verba
484 1476 698 1547 trutinantes.
716 1478 836 1572 aegroti
867 1493 995 1548 veteres
1034 1475 1235 1567 meditantur

180 1656 184 1661 .
230 1573 382 1656 somnia,
407 1571 515 1662 qualia
543 1569 637 1640 sunt:
666 1575 761 1667 gigni
787 1577 828 1643 de
857 1571 960 1642 nihilo
990 1567 1109 1647 nihil,
1139 1570 1176 1643 ἃ
1203 1568 1235 1639 in

229 1668 372 1742 nihilum
392 1668 473 1738 nihil
493 1662 582 1758 polle
601 1671 731 1740 reverti.
772 1669 876 1740 Addit
902 1669 1032 1760 insuper
1047 1667 1235 1742 Centurio:

229 1762 298 1839 hoc
315 1767 361 1845 etl
378 1767 469 1855 quod
492 1763 611 1854 palles,
635 1764 698 1835 hoc
721 1765 768 1836 est
790 1790 849 1838 cur
864 1789 930 1834 non
949 1765 1120 1860 quisquam
1139 1785 1236 1853 pran-

228 1860 328 1932 deat?
355 1860 422 1933 His
444 1861 587 1952 populus
606 1863 709 1932 ridet:
736 1881 835 1953 atque
861 1858 961 1932 etiarn
984 1862 1121 1955 juvenes
1135 1855 1238 1954 gurdi

229 1959 391 2047 crispante
417 1956 495 2028 naso
520 1959 678 2029 tremulos
707 1958 881 2029 cachinnos
907 1957 1121 2053 ingeminant.

279 2055 331 2126 Hi
349 2076 466 2125 omnes
481 2052 638 2131 videlicet⁴
655 2057 809 2148 ignorant
834 2075 992 2147 quantum
1016 2055 1119 2126 animi
1142 2075 1236 2122 mor-

226 2149 265 2222 bi
291 2150 350 2221 fint
373 2153 523 2241 corporis
546 2149 800 2239 pestilentiores‚
822 2152 947 2221 accedit
972 2152 1044 2241 quis
1067 2153 1107 2224 ad
1127 2148 1237 2222 media

229 2272 311 2321 cum
338 2246 470 2326 dicens,
493 2245 617 2336 aspice,
645 2249 759 2318 sodes:
786 2248 895 2320 nescio
918 2247 998 2338 quid
1014 2249 1155 2338 trepidat
1172 2245 1236 2314 mi·

228 2344 265 2417 hi
299 2341 436 2435 pellus:
464 2343 499 2416 ἃ
530 2343 625 2435 aegris
658 2342 809 2416 faucibus
849 2344 1019 2434 exsuperat
1044 2346 1153 2438 gravis
1177 2341 1236 2412 ha-

227 2440 323 2519 litus,
351 2439 404 2509 cui
423 2438 596 2538 medicus:
623 2440 689 2509 Abi
716 2440 886 2519 cubitum,
907 2440 943 2513 8(
965 2441 1153 2533 requiesce:
1178 2441 1238 2509 sed

227 2536 285 2606 ille
310 2558 387 2606 cum
415 2532 487 2625 poll
507 2551 571 2606 tres
594 2537 719 2607 nodles‘
732 2535 929 2628 compositas
949 2560 1047 2609 venas
1066 2539 1168 2608 vidit:
1192 2539 1237 2606 de

228 2633 358 2726 majore
382 2631 542 2704 domuin
569 2634 699 2702 modica
723 2633 838 2726 lagena
861 2635 936 2703 vina
962 2635 1152 2704 Surrentina
1179 2657 1237 2704 ru·

230 2733 323 2823 gavit
344 2745 497 2819 tanquam
518 2729 661 2800 loturus:
684 2730 813 2800 rursum
834 2732 1001 2810 medicus,
1019 2731 1100 2800 heus
1120 2730 1237 2813 bone,

227 2845 266 2896 tu
291 2826 410 2916 palles:
439 2825 492 2897 cui
516 2845 629 2917 teger,
655 2823 734 2893 nihil
761 2825 828 2897 est:
856 2826 948 2896 instat
973 2827 1147 2907 medicus,
1175 2828 1236 2898 vi·

229 2923 307 2995 deas
334 2941 443 2994 tamen
469 2918 552 2989 illud
584 2921 742 3014 quidquid
774 2920 896 2992 idest:
927 2945 1002 2992 nam
1032 2922 1136 3016 surgit
1171 2921 1235 2993 tibi

228 3018 318 3091 lutea
343 3015 436 3110 pellis
462 3014 579 3085 sensim
605 3016 639 3088 bc
666 3019 789 3090 tacite:
822 3018 997 3109 respondet
1022 3020 1103 3089 ille:
1132 3038 1166 3091 at
1197 3041 1236 3092 tu

229 3115 381 3186 deterius·
399 3111 518 3201 palles:
535 3135 576 3180 ne
593 3110 631 3183 lis
658 3112 739 3184 mihi
761 3132 867 3184 tutor:
886 3139 961 3185 nam
985 3135 1129 3185 tutorem
1149 3117 1236 3209 jam·

227 3212 360 3302 pridem
382 3207 515 3299 sepeli,
544 3226 578 3277 tu
600 3212 704 3280 modo
727 3210 840 3284 rellas:
860 3209 914 3280 cui
935 3214 1235 3308 rnedicus,·perge

228 3306 281 3378 sac
304 3302 462 3380 utlibet,
489 3303 621 3374 tacebo:
643 3305 697 3377 ille
718 3310 826 3399 pergit
851 3305 882 3374 in
906 3306 1061 3379 balneum
1078 3313 1236 3406 turgidus

228 3403 336 3494 epulis
362 3399 398 3473 ὃς
424 3398 499 3478 albo
527 3419 640 3471 ventre
667 3402 796 3476 inllatus
816 3403 985 3473 exhalante
1007 3423 1143 3498 gutture
1170 3409 1235 3480 sul·

227 3499 341 3573 furens
364 3495 526 3573 foetores,
547 3494 604 3566 sed
623 3497 728 3567 llatim
752 3498 853 3590 polita
876 3501 986 3573 mensa
1003 3520 1129 3574 tremor
1144 3502 1234 3576 subit

227 3593 311 3665 inter
342 3594 439 3664 vina:
472 3594 625 3663 trientem
657 3596 799 3675 calidum
831 3597 956 3669 excutit
985 3599 1028 3669 de
1059 3601 1232 3674 manibus:

225 3689 343 3760 retesti
377 3693 489 3761 dentes
523 3711 711 3782 crepuerez
742 3691 779 3765 ὅ(
810 3694 1025 3786 pulmentaria
1051 3699 1234 3770 delicatae

226 3785 324 3856 labris
348 3786 427 3857 laxis
450 3789 590 3867 cadunt,
615 3789 750 3867 tandem¹
770 3791 948 3867 adveniunt
968 3793 1078 3872 tubae,
1099 3793 1137 3868 &
1157 3820 1234 3866 can·

224 3883 334 3962 delae,
352 3880 390 3954 δὲ
415 3883 484 3975 ipse
507 3884 615 3955 crassis
633 3888 811 3978 unguentis
832 3889 952 3960 unetos
978 3889 1106 3984 rigidos
1129 3894 1234 3981 pedes

208 3977 417 4072 inponam
446 3979 585 4056 civitatis
613 3976 1025 4091 extrudq‘ilissbpmerlsque
1053 3986 1236 4082 Quiritum

819 4104 822 4113 ·
1049 4090 1051 4095 '
1123 4083 1235 4176 pridie
