2859 4709
249 434 323 528 ‘484
575 374 907 527 X‘Sctrosrts

299 548 435 643 ill-618·
460 555 532 630 Nec
554 555 692 651 vulgare
713 553 836 643 canit.)
864 545 1079 646 Bacchylides
1093 564 1177 630 nar,
1192 546 1254 625 sive

250 654 350 728 Cous
371 653 445 726 fuir.
494 652 677 744 Stephanus
702 652 741 724 de
764 651 867 723 urbib.
910 650 1062 733 Julidem
1091 647 1255 720 civitatem'

251 754 319 827 ait,
337 753 369 819 in
391 747 567 848 Coinsula
591 749 637 820 ob
658 753 797 844 egregia
821 746 945 819 civium
960 743 1096 840 ingenia
1110 743 1254 816 nobilem

249 844 355 918 fuisle.
403 845 495 917 Hinc
519 848 605 917 enim
625 846 836 924 Simonides,
851 843 887 917 ὃ(
902 847 971 936 ejus
993 864 1099 933 nepos
1123 842 1253 913 Bacchi·

251 945 351 1028 lides,
380 942 567 1015 Eratislatus
590 943 762 1023 medicuS,
786 939 918 1012 Ariston
944 939 1181 1032 peripateticus
1205 961 1252 1010 ot·

249 1057 324 1112 turn
350 1044 487 1113 duxere.
529 1041 571 1109 ln
594 1039 654 1110 hac
681 1040 814 1110 civitate
840 1036 952 1131 legem
978 1036 1042 1108 ett'e
1066 1037 1168 1108 latam
1194 1061 1253 1109 au·

250 1153 307 1210 tor
327 1138 373 1210 esi
399 1139 605 1209 Menander:
628 1152 664 1208 ut
688 1133 779 1208 senes
797 1132 991 1228 quicunque
1016 1131 1252 1227 sexagestmum

250 1237 352 1308 aetatis
379 1258 502 1303 annum
530 1227 750 1313 excessissent,
781 1232 899 1304 mortis
928 1250 1100 1301 certamen
1132 1230 1252 1302 inirent.

250 1331 300 1403 Ut
324 1331 445 1400 inutilis
473 1326 591 1399 scilicet
619 1351 718 1411 aetas,
741 1329 777 1402 dt
801 1320 978 1420 iuvenibus
999 1324 1187 1422 adultil'qne
1208 1327 1252 1400 vi·

249 1427 296 1499 ris
318 1426 424 1496 vietus
448 1425 620 1497 necessaria
648 1426 858 1520 suppeterent
883 1425 1016 1520 largius.
1067 1423 1163 1496 Siren
1196 1448 1251 1496 vo·

249 1542 342 1595 catus
366 1521 398 1590 in
422 1524 548 1596 Graeco
570 1523 673 1617 epigr.
696 1525 753 1597 lid.
765 1543 797 1598 1.
839 1520 959 1595 Iulaeas
979 1543 1083 1595 voces
1103 1545 1169 1615 pro
1190 1521 1208 1595 s
1237 1553 1252 1574 ·

249 1619 348 1697 vibus
376 1618 502 1710 accepit
524 1620 723 1692 Lattannus.

297 1720 382 1830 Ι619.
408 1718 582 1827 Sedenim
608 1719 736 1821 Lpriris
766 1714 893 1806 aava.)
923 1715 981 1787 De
1014 1715 1155 1826 Spppho
1185 1716 1252 1789 vide

249 1811 619 1999 illuitliiwillihiviietessi
650 1817 726 1982 litii
740 1818 1252 2004 hidgiliipiraliuliippiddiialiiiigi

251 2007 405 2099 Quidam
432 2003 630 2098 suspicantur
661 2010 749 2079 illam
780 2006 949 2101 epistolam
981 2005 1055 2078 effe,
1072 2009 1207 2083 dudiarn
1234 2003 1251 2074 ὲ

249 2108 373 2181 Graeca
402 2100 563 2194 sapphus.
602 2105 700 2176 Unde
733 2103 854 2178 Horat.
894 2103 1084 2200 Virumque
1113 2102 1250 2196 commtffl

247 2203 373 2368 lcalores
393 2201 517 2272 AEalr'ae
530 2197 657 2290 fidibus
676 2202 808 2298 puellae.
842 2199 950 2294 Quod
971 2225 1055 2274 vero
1074 2203 1160 2275 addit
1178 2204 1246 2275 Po·

262 2317 350 2368 trtan.
453 2301 461 2318 '
1149 2323 1157 2353 ,

299 2396 383 2469 621.
408 2394 537 2467 Pierias
568 2394 649 2491 legit
675 2390 783 2494 uirgae
807 2394 938 2485 rasas.)
971 2395 1088 2471 Credo
1116 2398 1247 2473 ellusuttt

249 2493 292 2564 ad
316 2490 369 2560 illa
391 2491 519 2570 verba,
546 2514 619 2585 quae
644 2491 714 2563 sunt
740 2497 773 2565 in
798 2492 963 2565 Plutarchi
980 2495 1122 2594 sympas.
1150 2498 1248 2587 [ἑὰς.

246 2584 353 2686 quaefl.
376 2608 407 2660 Ι.
436 2593 522 2664 Sarte
537 2584 665 2680 Musis,
691 2592 757 2676 ait,
777 2591 993 2678 consecratam
1010 2589 1113 2683 fulli?
1137 2595 1250 2684 roseam

249 2710 400 2759 caronam
420 2685 547 2761 mertini
568 2709 617 2756 me
637 2687 797 2782 lagereio
819 2687 969 2784 Sapphar
990 2688 1157 2781 verssdtts,
1181 2690 1250 2788 pat,

250 2782 308 2858 hus
330 2781 491 2856 indot'lam
518 2781 864 2880 arandaraanulierem
888 2787 1073 2879 alloquitur.

397 2881 445 2953 Te
462 2880 560 2975 fimus
582 2881 678 2952 letata
702 2883 826 2976 rapiet,
844 2881 999 2974 jacebis.-

396 2978 472 3049 Ncc
488 2979 550 3064 suo
575 2975 734 3071 quisquam
760 2977 931 3050 celebrabit
958 3004 1032 3052 ore:

392 3074 563 3170 Parriceps
587 3100 651 3146 noa
678 3102 709 3146 es
735 3076 881 3171 quoniam
906 3076 1046 3165 rosarum

648 3175 841 3261 Pieriurnrp.

242 3266 303 3342 De
328 3264 379 3341 his
402 3264 520 3360 puellis
542 3263 585 3336 sic
611 3270 787 3343 Maximus
803 3268 931 3365 Tyrius
945 3272 1095 3358 sermone
1111 3274 1146 3348 8.
1171 3274 1244 3344 dum
1287 3320 1290 3325 -

242 3365 380 3458 Sappho
394 3381 562 3454 comparat
582 3389 658 3437 curn
682 3369 828 3441 Socrate.
869 3371 1009 3462 Uterque
1028 3373 1138 3443 eadem
1152 3388 1244 3465 prope

243 3461 339 3549 ritu,
374 3464 428 3534 hic
464 3462 591 3557 quidem
615 3468 782 3548 marium,
814 3464 874 3537 iila
897 3461 1103 3553 sutrinorum
1128 3488 1243 3539 amores

240 3559 370 3651 colniffe
402 3559 546 3632 videtur.
593 3562 701 3630 Ambo
725 3563 763 3649 se
795 3585 902 3633 amore
948 3561 1117 3651 resitentes
1144 3564 1244 3661 pafftm

235 3658 447 3752 pulchrorum
465 3655 604 3725 omniurn
621 3656 763 3750 speciem
787 3660 869 3756 capi.
906 3581 1006 3749 duod
1028 3662 1162 3734 Sacrati
1183 3662 1245 3733 At·

241 3753 409 3831 eibiades,
438 3755 523 3849 quod
541 3754 721 3838 Phaedrus,
740 3759 824 3853 quod
846 3756 1013 3827 Carmides
1030 3755 1120 3846 filit:
1150 3759 1245 3830 Idem

239 3848 368 3922 lesbia
390 3850 546 3932 Girintta,
570 3854 697 3934 Artis,
721 3851 1015 3946 arqueArtalioria
1029 3876 1110 3928 crat.
1150 3854 1247 3949 Quod

238 3945 315 4016 item
343 3949 471 4022 Socrati
495 3970 588 4018 erant
615 3947 853 4042 adnerjijlndii
879 3950 1065 4031 Prodicus,
1091 3956 1248 4049 Gorgias,

238 4039 491 4139 Traftrnaclrus,
513 4061 608 4142 atquc
631 4047 879 4148 Prothagarast
905 4047 943 4127 ia
965 4045 978 4117 i
1010 4071 1022 4123 t
1046 4052 1146 4126 etiam
1168 4055 1249 4218 {⁰25

1053 4192 1069 4225 ,.
1146 4165 1246 4247 paru
