2859 4709
433 384 823 504 hstrrnnnr
871 432 919 508 V.
989 487 994 495 -
1126 458 1198 534 31⁷

190 550 243 645 pis
275 544 528 631 adolescentiam
558 579 669 627 meam
698 555 928 649 philosophico
957 552 1054 628 sinu:
1095 561 1197 645 Tunc

192 651 384 721 moderatio
408 651 443 725 ἃ
469 649 618 721 dodlrina'
635 672 694 723 tua
710 655 886 743 discipulos
909 656 949 725 ad
974 653 1108 727 honesta
1132 656 1197 729 slu-

194 745 247 817 dia
270 747 355 817 dolis
380 748 508 826 allicere
534 747 667 829 callida,
684 748 766 818 mihi
791 749 971 839 adpliata,
998 752 1134 845 corrigit
1161 755 1197 830 ὅς

195 845 351 913 emendat
377 867 495 934 pravos
523 868 661 914 mores:
689 843 725 917 ἃ
756 846 918 934 appetitus
946 846 1072 916 ratione
1102 848 1198 919 cohl-

194 938 315 1009 betur:
341 964 378 1010 ac
406 965 472 1010 non
496 938 561 1010 stne
586 940 698 1009 labore
727 966 744 1010 a
772 940 923 1030 turpibus
950 959 1096 1013 arcetur:
1120 945 1198 1015 arti-

194 1032 409 1128 ficiosamque
441 1036 619 1130 imaginem
646 1060 688 1128 eit
718 1055 771 1107 tua
806 1036 1038 1108 informatione
1067 1042 1195 1130 accipit.

195 1130 332 1219 Etenim
350 1131 495 1219 ‘memini
521 1157 577 1201 me
605 1151 714 1205 tecum
742 1129 928 1225 transegisse
960 1134 1078 1228 longos
1105 1140 1197 1219 dies,

195 1224 231 1295 δι
260 1228 452 1316 decerpsisse
478 1248 588 1298 tecum
620 1229 722 1321 epulis
748 1231 867 1317 primas
899 1231 1047 1302 noblium
1080 1251 1196 1321 partes.

196 1322 312 1393 Ambo
340 1322 465 1410 simiel,
490 1322 526 1396 &
551 1324 657 1394 eidem
691 1327 783 1414 operi
810 1326 1038 1407 intendimus,
1069 1329 1105 1401 δι
1138 1353 1197 1401 re·

195 1417 414 1505 quiescimus,
434 1418 715 1512 severioribnsque
731 1423 893 1492 interdum
910 1422 1021 1492 studiis
1040 1427 1079 1494 ad
1101 1449 1195 1496 men·

194 1513 263 1583 sam
295 1515 472 1609 depohtis,
498 1516 589 1605 iocos
620 1515 655 1588 ὅ(
686 1515 761 1587 sales
789 1516 935 1588 modeste
965 1518 1194 1612 inspergimus.

197 1609 283 1680 Non
312 1613 464 1704 equidem
495 1612 625 1683 dubites
651 1612 744 1687 hoc,
772 1615 839 1682 dies
865 1613 1038 1701 amborum
1070 1642 1194 1689 conve-

196 1705 272 1774 nire
301 1726 387 1776 certa
414 1710 627 1789 conditione,
658 1710 692 1782 d<
723 1707 798 1778 duci
820 1707 860 1778 ab
885 1709 1102 1795 uno'stdere,
1127 1713 1194 1796 five

196 1803 302 1873 Parca
333 1822 426 1876 tenax
454 1806 523 1875 veri
561 1802 721 1896 suspendit
755 1821 905 1895 tempora
937 1806 1044 1875 noslra
1078 1811 1195 1904 aquali

196 1896 305 1968 libra:
338 1897 401 1972 sive
426 1899 506 1970 hora
534 1922 610 1972 nota
638 1900 710 1970 fidis
741 1902 853 1971 amicis
868 1943 881 1978 ‚
912 1901 1112 1981 efficiendis,
1138 1907 1195 1975 di·

196 2000 284 2089 gerit
311 1995 342 2064 in
365 1998 532 2072 Geminos
557 1998 656 2068 vitem
679 1997 821 2065 nollram
850 2001 1052 2068 concordem
1083 2025 1125 2070 ex
1148 2002 1196 2073 sa·

196 2096 494 2182 rependentem,
530 2093 566 2167 ὅ(
596 2094 724 2164 Saturni
757 2091 953 2171 molestiam,
976 2096 1070 2175 Jovis
1098 2096 1195 2172 nobis
1240 2106 1244 2125 '

196 2189 332 2279 propitii
359 2188 569 2279 prosperitate
596 2188 689 2261 simul
716 2205 967 2277 temperamus,
995 2210 1082 2262 certe
1110 2191 1196 2268 sidus

196 2285 328 2377 aliquod
358 2287 424 2367 ell,
459 2287 548 2376 quod
581 2308 635 2354 me
664 2286 863 2355 concordem
895 2286 955 2356 tibi
981 2285 1076 2358 facit:
1103 2294 1196 2381 quod

197 2405 308 2452 autern
337 2379 372 2451 stt
401 2381 520 2452 nescio,
564 2382 662 2452 Mille
689 2381 759 2451 sunt
785 2380 959 2454 hominum
988 2383 1132 2465 formae,
1157 2389 1194 2462 ὃς

197 2477 355 2551 dissimilis
373 2502 484 2549 rerum
507 2475 592 2547 usus.
636 2478 700 2548 Sua
726 2477 846 2566 cuique
869 2479 1018 2550 volontas
1044 2481 1109 2557 eli,
1133 2509 1194 2553 nec

197 2598 265 2645 uno
300 2594 380 2644 voto
408 2574 540 2646 vivitur.
593 2572 663 2642 Hic
697 2573 730 2640 in
756 2573 881 2644 oriente
913 2599 1039 2645 merces
1066 2577 1194 2652 Italicas

198 2673 251 2741 dat
283 2694 346 2760 pro
375 2669 497 2766 rugoso
528 2670 663 2759 pipere,
694 2668 730 2739 d<
759 2672 866 2761 granis
897 2670 1023 2741 cumini
1058 2671 1195 2761 pallidos

195 2765 357 2836 facientis.
403 2769 498 2838 Alius
522 2766 605 2835 latur
629 2764 698 2834 vult
721 2763 935 2858 pinguescere
964 2765 1103 2849 somn0,
1126 2794 1194 2864 quo

196 2864 289 2933 velut
317 2863 390 2931 rivo
415 2864 574 2956 irrigatur.
616 2863 710 2931 Asius
737 2879 826 2930 vacat
856 2861 978 2934 lusibus
1004 2869 1194 2955 campeliri-

196 2957 284 3034 bus,
310 2958 409 3030 alium
448 2961 585 3028 reddunt
621 2958 680 3026 elia
712 2955 906 3026 sollicitum:
941 2960 1034 3031 Alius
1068 2961 1110 3030 ira
1145 2965 1194 3035 rei

195 3078 348 3126 venereae
374 3057 426 3124 dat
448 3078 602 3146 operam,
627 3072 662 3123 nt
685 3052 757 3144 ejus
777 3055 862 3124 vires
885 3054 1109 3128 resolventur:
1133 3085 1195 3131 ve-

196 3173 270 3221 rum
298 3150 469 3240 poslquam
500 3150 624 3221 nodosa
658 3146 805 3241 chiragra
835 3149 973 3245 fregerit
1009 3155 1195 3239 articulos,

195 3269 343 3325 manus,
369 3246 405 3320 o<
437 3246 568 3318 brachia
590 3247 748 3335 corporis
786 3244 875 3314 senio
906 3247 1076 3327 confedli,
1113 3269 1193 3322 tunc

195 3342 346 3414 dolentes
379 3363 570 3434 quaeruntur
602 3345 634 3411 in
661 3365 773 3410 rerum
803 3343 1011 3434 ignoratione
1040 3361 1193 3437 tanquam
1274 3394 1279 3415 .

194 3438 418 3520 intenebris,
447 3437 483 3513 δι
515 3443 548 3508 in
577 3439 668 3506 omni
698 3437 836 3507 luxuriae
865 3462 1006 3531 genere,
1032 3442 1135 3513 ueluti
1158 3443 1193 3514 in

194 3534 393 3628 paludibus,
418 3561 456 3606 ac
487 3560 588 3607 coeno
617 3533 647 3602 se
675 3531 815 3611 vixisse,
843 3555 939 3625 atque
967 3536 1068 3602 vitam
1096 3535 1195 3609 mise·

193 3631 331 3703 rabilem
359 3633 620 3722 morborumque
648 3629 807 3716 plenam,
837 3628 895 3698 fibi
922 3629 1069 3699 relidiam
1094 3631 1194 3726 inge-
1231 3694 1233 3714 ,

193 3727 348 3800 miscunt.
390 3732 445 3800 An
472 3729 608 3799 deleslat
633 3741 665 3792 te
696 3725 736 3793 ad
762 3725 920 3814 pallorem
944 3722 1047 3814 usque
1073 3725 1193 3822 invigi-

194 3825 262 3896 lare
290 3816 397 3904 libris,
414 3850 498 3919 quos
517 3827 552 3896 <le
569 3818 721 3891 nnslibus
745 3823 883 3891 evolvis.
922 3820 982 3889 Tu
1004 3819 1092 3890 enim
1116 3847 1194 3897 eru.

195 3922 344 3994 diturum
376 3922 534 4013 juvenum
559 3920 663 4008 reples
689 3939 782 3987 aures
809 3939 927 3986 eorum
956 3915 1044 3986 vitiis
1074 3940 1194 4012 expur.
1278 3972 1283 3979 .

192 4037 351 4115 gatorum
375 4020 461 4092 bene
478 4037 613 4092 attentas
630 4009 836 4108 philosophia
864 4012 984 4100 Stoica.
1031 4013 1066 4086 Ο
1090 4014 1194 4112 juve-

1136 4136 1194 4195 nes
