2859 4709
162 465 170 471 ι
488 378 561 451 Sa
587 394 615 454 a*
642 399 667 452 a
690 397 719 452 n
743 397 769 450 a
793 400 828 452 M
873 381 905 452 1.
1126 403 1198 476 29¹!

196 507 293 567 setus
309 495 483 574 incudum
500 507 684 596 praegrandi
705 503 840 581 subere,
862 521 959 596 atque
976 503 1097 576 cortice
1118 507 1199 594 pin-

197 593 270 683 gui.
301 596 408 685 Quid
434 599 537 693 igitur
559 601 738 696 legendum
764 601 833 680 est,
860 619 991 680 tenere,
1015 599 1198 679 suinmilles

196 706 299 778 etque
323 694 679 768 cervicibusincurvis.
722 697 810 768 Haec
834 697 979 789 inquam.

196 828 207 837 f
245 784 358 860 Torva
381 793 604 865 Mimalloneis
631 794 801 887 implerunt
828 819 950 865 cornua
974 792 1112 880 bombis,

245 884 291 952 Bt
319 903 447 979 raptum
473 891 576 963 vitulo
602 910 695 985 copm
724 891 873 962 ablutura
892 890 1031 986 sirperbo

243 979 410 1073 Bassaris,
431 983 472 1061 sl
498 987 618 1085 lyncem
640 990 772 1058 Menos
785 989 924 1084 flexura
953 985 1111 1081 corymbis

245 1076 353 1151 Evion
375 1083 563 1178 ingeminat.
586 1083 780 1180 reparabilis
804 1083 934 1170 adsonat
956 1086 1055 1154 Echo.

196 1165 286 1245 Haec
316 1175 464 1256 fierent,
496 1176 519 1250 ss
546 1198 689 1270 paternae
720 1179 879 1252 virilitatis
910 1203 994 1250 vena
1022 1178 1119 1258 ulla,
1147 1180 1200 1252 vel

196 1260 329 1359 flgnum
352 1277 488 1369 aliquod
519 1276 554 1345 in
581 1277 678 1358 nobis
714 1275 869 1370 vigeret?
913 1278 1017 1371 Age,
1043 1274 1201 1348 delumbe

197 1359 234 1435 ἃ
262 1391 415 1444 enervate
442 1370 560 1454 senex,
587 1371 714 1465 semper
739 1374 804 1444 hoc
828 1373 862 1442 in
881 1370 1005 1444 summa
1026 1372 1144 1452 saliva,
1163 1372 1201 1447 &

196 1457 230 1527 ln
247 1464 320 1536 udis
341 1467 597 1540 labrisnatabits
614 1494 782 1561 nunquam
799 1470 927 1540 excidet
949 1493 992 1540 ex
1012 1494 1091 1546 ore,
1112 1475 1201 1545 Μιε-

196 1580 279 1637 nos,
303 1562 344 1636 Θ
369 1562 480 1664 Atys?
518 1563 602 1635 Hoc
636 1565 786 1637 inflatum
820 1565 888 1648 est,
916 1564 1130 1637 immaturum
1163 1566 1201 1640 ὅζ

196 1658 372 1747 repentino
393 1664 500 1733 calore
520 1662 654 1739 fusum,
672 1686 733 1734 nec
754 1659 832 1753 sapit
855 1661 1044 1739 lucernam,
1057 1687 1118 1733 nec
1142 1665 1201 1732 de-

196 1751 511 1854 morsos-ungues,
541 1777 597 1831 eut
631 1758 780 1852 pluteum
809 1782 853 1832 ex
877 1761 1093 1831 meditatione
1120 1781 1200 1852 pec-

198 1845 327 1923 cusum.

163 1966 168 1973 ·
243 1945 310 2019 Sed
330 1952 507 2041 septimam
525 1977 591 2025 me.
636 1953 728 2024 Nam
752 1953 832 2046 quid
856 1977 939 2043 opus
956 1951 1001 2024 est
1019 1970 1085 2022 tam
1107 1975 1201 2044 aper·

197 2057 247 2120 las
272 2045 307 2120 ὃ(
332 2072 410 2119 vera
437 2051 620 2144 proloqui,
647 2074 751 2141 quum
778 2069 900 2121 tenerae
929 2049 1083 2123 auriculae
1111 2072 1202 2145 mor·

198 2138 268 2210 daci
296 2168 378 2215 vero
404 2149 566 2218 radantur.
615 2144 714 2220 Vide
737 2145 802 2228 fis,
827 2171 869 2216 ne
902 2148 973 2241 quis
1007 2165 1039 2216 te
1074 2145 1201 2240 frigore

196 2232 318 2321 feriat,
335 2240 370 2312 id
394 2240 461 2318 est,
484 2266 525 2314 ne
549 2246 582 2313 in
604 2242 773 2315 liminibus
796 2245 916 2324 domus
940 2264 1075 2315 tuorum
1101 2243 1201 2313 inter·

197 2329 326 2407 ficietis.
368 2340 460 2408 Nam
489 2360 544 2413 tua
571 2339 685 2430 scripta
709 2341 859 2411 redolent
889 2343 1038 2412 caninam
1068 2340 1200 2410 morda-

197 2427 341 2506 citatem.
392 2436 499 2507 Rene
525 2460 664 2514 mones,
693 2434 832 2507 absalio:
864 2439 909 2507 nil
939 2460 1073 2517 moror,
1100 2435 1199 2508 laudo

197 2521 261 2617 jam
285 2554 359 2602 res:
388 2535 507 2627 Euge,
533 2558 641 2629 euge,
668 2514 719 2603 reb
737 2535 835 2605 miras
861 2536 971 2604 video.
1000 2535 1103 2603 Nunc
1130 2533 1201 2621 pla-

198 2645 270 2703 ces,
297 2653 318 2698 0
344 2628 454 2709 Persi,
478 2655 582 2722 quum
610 2628 769 2702 abstinere
793 2657 810 2701 a
830 2632 992 2701 meiendis
1016 2630 1122 2720 poetis
1149 2627 1201 2719 ju-

196 2715 279 2800 bes,
301 2743 453 2819 tanquam
472 2752 489 2797 a
512 2726 626 2797 sacris:
643 2731 818 2820 pingamus
833 2728 935 2818 igitur
951 2730 1038 2797 duos
1056 2746 1199 2819 angues,

197 2836 230 2886 ut
265 2845 388 2911 pueros
413 2841 502 2896 extra
526 2827 651 2896 meiere
683 2835 901 2894 moneamus:
936 2822 978 2893 sic
1005 2823 1134 2916 jubeo,
1163 2819 1201 2899 ὅ(

197 2912 339 2986 discedo.
380 2920 445 2991 Sed
474 2920 560 3011 proh
583 2923 740 3011 Jupiter,
764 2944 876 2990 nonne
901 2920 982 2992 mihi
1012 2919 1121 2991 licebit
1144 2919 1200 2988 uel

198 3006 329 3086 Luciliu
376 3061 388 3098 ‚
415 3017 468 3088 vel
494 3017 677 3088 Horatium
698 3042 766 3088 non
789 3018 864 3087 dico
892 3018 1035 3100 imitari,
1059 3015 1113 3087 sed
1136 3039 1199 3085 nec

198 3103 298 3203 longe
331 3039 446 3204 sebui?
490 3113 602 3186 Secuit
627 3115 776 3186 Lucilius
804 3132 907 3184 totam
935 3114 1079 3191 urbem's
1104 3113 1141 3187 ἃ
1165 3131 1200 3180 te

196 3200 311 3287 Muti,
337 3209 372 3282 ὅ(
399 3230 431 3279 te
455 3208 575 3302 Lupe,
602 3210 637 3284 ὃ(
667 3210 854 3304 genuinum
881 3212 1015 3281 dentem
1041 3207 1141 3304 fregit
1165 3206 1199 3277 in

197 3304 322 3374 Aulis:
357 3309 401 3378 Et
429 3304 521 3377 veser
555 3307 719 3379 Horatius
755 3305 937 3379 ridentibus
972 3307 1085 3379 amicis
1121 3304 1200 3375 vitia

195 3399 314 3472 cunbba
345 3402 520 3498 objebiat:
542 3404 578 3477 δι
606 3428 709 3495 quum
738 3399 837 3474 semel
863 3401 910 3473 est
936 3403 1110 3486 admissus,
1133 3397 1200 3471 urit

195 3491 310 3569 ludens
343 3499 552 3591 praecordia,
587 3502 729 3592 denique
757 3498 883 3571 summa
914 3498 1085 3570 calliditate
1118 3495 1198 3567 naso

194 3594 359 3680 populum
386 3595 570 3688 suspendit:
600 3597 634 3670 δι
665 3619 719 3687 me
743 3593 857 3683 iubent
882 3617 951 3666 non
973 3595 1095 3687 loqui,
1125 3595 1199 3664 imo
1250 3634 1261 3652 ·

194 3684 230 3758 bt
257 3693 380 3764 mutire
409 3695 499 3767 nefas
532 3697 675 3772 ducunt,
702 3715 764 3761 nec
791 3691 906 3770 clam,
946 3712 1055 3782 neque
1079 3692 1114 3760 in
1138 3689 1200 3759 de·

192 3781 273 3856 fossa
307 3803 414 3871 terra,
447 3816 510 3862 nec
536 3791 679 3882 denique
703 3787 852 3880 usquam.
889 3787 1056 3860 Evomam
1086 3804 1200 3858 tamen

194 3878 227 3949 in
254 3881 316 3955 bac
352 3885 454 3960 fossa:
479 3887 548 3961 vidi
584 3886 675 3979 ipse,
705 3909 727 3957 0
761 3882 870 3956 libelle
899 3884 957 3956 mi.
1008 3883 1096 3976 Quis
1130 3907 1199 3957 non

190 3974 292 4054 babet
316 3985 475 4060 auriculas
502 3983 589 4060 asmi.
631 3980 879 4083 Respitavi‚&
914 3978 990 4057 dico
1015 3981 1084 4081 jam
1109 3978 1199 4054 serio

1140 4099 1197 4154 me
