2859 4709
161 438 164 443 ⁸
214 469 326 543 ‘nr
433 433 1022 535 Q.HoueuttFnueur

255 577 412 656 Tibicen,
436 578 601 681 traxitque
625 594 732 667 vagus
753 589 812 665 per
832 568 963 663 pulpito
985 559 1112 659 voslun.

253 678 310 748 Sic
338 673 431 746 etiam
447 671 574 762 fidibus
598 692 694 740 voces
721 688 848 737 crevere
863 663 1010 753 severis:

254 774 300 842 Er
323 771 399 840 rulir
423 769 581 862 eloquium
604 763 766 850 insolitum
781 759 941 851 facundia
989 775 1122 854 recept.

258 868 455 957 Utiliumque
469 865 580 958 sagax
606 886 735 937 rerunt,
757 857 797 932 θ
821 858 934 930 divina
945 779 1081 947 AEturi,

257 963 436 1058 Sortilegis
459 986 523 1032 uon
546 959 715 1054 discrepuit
728 955 892 1045 sententio
914 952 1065 1047 Delphis.

515 1108 952 1216 Eorunusm.

165 1314 167 1322 ·
211 1311 214 1317 ·
257 1301 375 1432 NOn
396 1298 491 1359 audeo
510 1297 715 1371 reprehendere
734 1295 932 1362 luxuriam&
946 1308 1108 1380 apparatum
1124 1287 1210 1354 tibia·

160 1438 165 1457 Ι
250 1406 253 1411 ·
345 1397 407 1436 rum
432 1379 464 1436 ὅ(
488 1377 632 1435 tibicinum
656 1374 741 1435 nollri
763 1377 923 1454 temporis,
950 1375 1036 1437 etiam
1066 1372 1210 1433 li‘couttu

255 1457 412 1524 decorum,
441 1459 473 1517 bt
499 1473 725 1534 praetermorem
751 1456 869 1530 priscum
889 1455 1041 1518 sobrietatis
1065 1449 1210 1532 tragoediis

256 1537 468 1596 admisceantur.
514 1538 592 1595 Nam
612 1534 682 1594 olirn
708 1538 746 1596 ad
772 1535 879 1596 fabulas
911 1536 1061 1597 audiendas
1090 1532 1210 1610 populus

255 1615 361 1679 callus,
379 1614 471 1693 frugi,
499 1618 531 1674 ὅ(
559 1617 734 1676 verecundus
762 1616 931 1682 accedebat,
956 1616 988 1675 dt
1020 1607 1210 1692 quumpauci

254 1694 469 1760 eonveniffenr,
489 1692 555 1754 tibia
580 1695 839 1771 renuis,s1mpler,
858 1697 890 1756 bt
913 1693 1095 1755 foraminibus
1113 1688 1211 1767 paucis

201 1806 204 1827 .
254 1774 318 1832 stris
335 1790 403 1834 erar.
446 1774 508 1844 Sed,
526 1773 671 1852 postquam
694 1774 786 1834 Roma
804 1773 877 1833 fadla
900 1773 941 1834 est
960 1773 1098 1852 amplior,
1118 1770 1152 1831 &
1176 1768 1209 1830 itt

253 1852 393 1914 ditionem
417 1852 495 1913 suam
517 1852 623 1914 vicinos
644 1855 765 1931 populor
783 1852 909 1934 subegit,
930 1872 1029 1916 omnes
1047 1849 1209 1921 convolve·

254 1933 355 1994 bantur
369 1932 491 2008 permisti
512 1932 539 1992 in
558 1931 755 1999 theatro,fine
776 1934 857 2012 lege,
874 1949 957 2010 atque
974 1933 1085 1994 ordine.
1113 1934 1209 2007 Atque

254 2014 330 2085 adeo
352 2012 436 2080 cibo,
462 2013 493 2072 &
513 2029 581 2089 potu
599 2013 721 2088 repleri,
742 2012 805 2088 quia
823 2016 879 2088 jam
896 2012 1134 2075 sacrificaverant,
1154 2027 1208 2069 neo

255 2090 332 2152 enirn
357 2092 427 2172 vitio
454 2093 569 2152 dabutur
599 2092 637 2151 de
665 2089 711 2150 die
731 2107 845 2168 potare,
866 2091 887 2152 fi
912 2091 943 2150 id
965 2093 993 2152 in
1015 2085 1209 2163 saeriexfieret.

252 2173 359 2238 rTune,
379 2171 511 2248 inquam,
530 2169 686 2245 permilsum
707 2171 776 2236 fuit,
803 2187 832 2232 ut
850 2174 968 2244 maiorer
987 2169 1084 2239 tibia,
1102 2170 1135 2230 ὃ(
1159 2185 1210 2228 ot-¹

254 2250 394 2317 nariores,
411 2252 443 2310 dt
465 2251 536 2309 rubae
557 2268 635 2324 pares
656 2249 684 2308 in
706 2251 843 2312 theatrum
861 2251 1067 2312 inducerentur.
1112 2252 1207 2325 Atque

255 2333 330 2390 adeo
351 2349 388 2388 eo
414 2328 531 2387 licentia.
552 2328 753 2403 protullerunt,
775 2346 806 2390 ut
830 2329 976 2405 tibicines,
1004 2349 1061 2391 nou
1079 2331 1137 2405 jam
1162 2328 1208 2388 se-

252 2411 372 2475 dentes,
393 2409 449 2468 sed·
459 2406 572 2486 longis,
603 2410 642 2470 dt,
662 2407 785 2486 pretiofis
803 2408 890 2471 induti
911 2409 1033 2472 vellibue
1058 2426 1108 2481 per
1126 2407 1208 2468 rhea·

255 2503 331 2548 trum
349 2489 575 2554 deambularent,
594 2504 624 2546 ur
646 2489 726 2548 simul
747 2489 891 2561 idoliis,
915 2492 947 2550 &
968 2487 1105 2554 indutiis,
1124 2485 1208 2559 rusti,-

257 2568 297 2628 cis
317 2569 349 2629 ὅ(
370 2567 479 2628 urbanis
506 2567 710 2631 exaudirentur.
748 2567 887 2639 Fidieioes
912 2568 979 2631 irem
1004 2582 1098 2628 contra
1120 2567 1208 2626 seve-

256 2664 342 2713 rum,
362 2649 394 2708 &
414 2644 562 2724 antiquum
577 2667 686 2707 morem
706 2646 824 2708 chordas
844 2648 944 2710 fidibus
964 2646 1148 2709 addiderunt:
1172 2646 1208 2705 &

257 2745 317 2783 nou
339 2727 395 2801 jem
416 2725 568 2788 trivialibus
587 2725 698 2787 canticis
714 2729 837 2789 contenti
853 2727 998 2791 sententias
1017 2744 1074 2790 non
1093 2722 1209 2788 diffinit

257 2802 300 2868 lea
318 2805 461 2883 Delphicis
484 2806 603 2869 oraculis
623 2806 832 2870 concinuerunt.

418 2956 1104 3073 Auuouunrouus·

294 3129 420 3191 Indolius
439 3133 505 3212 quid
523 3131 627 3214 enim.)
667 3136 738 3194 Non
770 3136 877 3197 accedo
904 3136 976 3200 aliis.
1014 3133 1116 3198 Sensus
1143 3129 1207 3200 elli

254 3210 451 3284 Maiore-tuba
469 3231 538 3286 opus
558 3213 610 3272 fuit
628 3230 740 3288 propter
762 3212 947 3291 ignorantiam
967 3215 1063 3296 vulgi,
1082 3215 1114 3274 dt
1136 3233 1208 3291 prn-¹

255 3304 317 3366 pter
336 3289 462 3362 stipatam
481 3289 693 3352 multitudinem.
725 3293 830 3354 Melius
849 3296 940 3365 enim,
957 3315 1013 3358 non
1030 3310 1123 3355 tamen
1142 3291 1208 3355 suas

257 3368 338 3460 vius,
353 3371 496 3461 ‘majorum
516 3370 760 3433 instrumentorum
779 3372 911 3445 sonitus,
937 3377 971 3438 &
990 3372 1064 3454 quati
1082 3373 1207 3437 tonitrua

257 3465 467 3588 pegpiiiiuiio
486 3529 598 3610 ulum.)
639 3531 782 3599 Facundia
808 3533 857 3594 illa
883 3532 1051 3606 lidieinum,
1075 3535 1115 3597 itu
1143 3529 1207 3593 ela·

255 3605 373 3698 borota,
396 3610 429 3670 &
451 3549 586 3687 eioquens
606 3608 661 3671 sese
686 3612 805 3682 extulit,
826 3633 856 3674 ut
876 3614 1046 3691 providens,
1068 3618 1101 3677 &
1123 3614 1208 3689 saga?

257 3687 290 3746 δε
313 3688 464 3749 divinatrix
493 3709 585 3750 rerum
607 3689 719 3751 utilium
747 3694 933 3769 judicaretur,
963 3694 1206 3774 quemadmodum

254 3765 393 3838 Apollinis
412 3769 526 3832 oracula
544 3770 718 3831 credebatur.
754 3777 861 3851 Praeepr
872 3791 966 3837 autem
983 3776 1024 3836 eli
1042 3776 1119 3852 quod
1140 3790 1227 3836 ante*

255 3845 347 3920 capit,
365 3844 395 3905 id
420 3847 477 3922 eli,
496 3848 670 3932 provident,
689 3847 738 3916 vel
763 3853 899 3933 obseura,
928 3855 1057 3940 &quali
1080 3854 1203 3930 rothen

141 4016 145 4021 ,
256 3938 287 3984 ut
307 3921 432 4006 fatidica,

1121 4113 1206 4225 ⁸De
