2859 4709
847 376 855 427 r

242 475 317 569 &6
591 473 906 551 &chorri

288 598 333 668 Et
348 591 412 683 suo
432 598 527 690 ‘quum
552 596 690 689 onriqrrae
716 599 884 668 commirrir
899 594 1026 692 scripta
1047 589 1215 674 Corinnae,

342 693 565 786 carminaque.
578 694 718 764 Erinnrs
741 717 805 764 non
827 713 921 790 putor
942 716 1035 788 aepuo
1046 690 1134 777 suis.

290 789 399 883 Myro
416 788 480 860 fuit
495 788 661 874 Bizamia,
683 788 721 863 ἀ
742 808 848 864 mater
860 790 1007 861 Homeri
1029 787 1150 883 tragici
1166 785 1246 857 hauc

241 885 352 957 laudat
378 883 562 959 Atheneus.

291 980 447 1054 Telefilla
461 984 590 1080 Argiva
605 983 690 1064 fuit,
708 1001 849 1058 vocatur
871 980 926 1052 hic
947 981 1064 1064 ferox,
1081 977 1159 1070 quia
1173 979 1245 1051 hel-

240 1076 338 1151 latrix
363 1076 448 1162 fuit,
470 1100 506 1151 ut
527 1081 628 1152 refert
650 1080 811 1155 Plutarch.
836 1082 877 1152 re
897 1079 1046 1151 virtutib.
1066 1079 1244 1150 mulierum.

240 1173 280 1249 ἃ
296 1173 432 1249 Pauian.
454 1179 509 1248 lib.
521 1198 553 1253 2.

189 1266 214 1355 ,’
290 1271 460 1355 Corinna,
482 1276 603 1347 cecinit
624 1274 761 1350 Palladis
785 1273 921 1370 AEgida.
945 1269 1049 1346 statua
1067 1270 1141 1368 ejus
1159 1269 1245 1342 vise·

237 1363 337 1440 hatur
359 1393 519 1442 coronam
547 1371 673 1445 hahens
697 1393 833 1466 propter
857 1372 1055 1451 vicioriam,
1082 1371 1245 1463 quamde

236 1460 382 1538 Pindaro
407 1466 453 1539 est
474 1468 607 1542 lucrata.
626 1468 727 1542 verba
751 1469 915 1542 Pausaniae
938 1469 981 1538 de
1002 1467 1179 1548 Corinna,
1197 1467 1244 1538 vi·

222 1560 281 1675 ‘de
301 1558 414 1654 luprh,
441 1565 475 1635 i'n
503 1568 657 1639 Pindaro.
679 1586 758 1664 pag.
780 1587 858 1646 102..
1009 1588 1011 1591 ’

286 1659 553 1755 ll·637.1llrm
585 1665 681 1735 eriam
712 1666 878 1755 decimo.)
912 1663 971 1732 De
1001 1660 1141 1752 Sappho
1176 1661 1244 1735 sunt

237 1756 342 1828 multa
368 1759 606 1854 epigrammata
626 1762 768 1848 Graeca,
793 1760 827 1832 in
848 1761 910 1832 illis
932 1777 1145 1850 nuncupatur
1167 1763 1243 1834 De·

237 1852 327 1927 cima
352 1858 456 1928 musa.
497 1857 687 1932 Ausonius:
928 1926 930 1931 .

299 1952 450 2025 ‘Lesbio
473 1956 594 2029 Pieriis
621 1952 748 2049 Sappho
763 1952 862 2041 soror
887 1951 1001 2023 aldire
1026 1950 1151 2046 Mufis.

284 2044 422 2120 Dicitur
437 2052 475 2122 N
477 2077 539 2124 ona
553 2054 639 2123 inter
653 2050 804 2144 Lyricos.
829 2050 971 2120 Decima
990 2050 1079 2121 inter
1095 2047 1218 2122 Musas.

285 2144 367 2237 640.
390 2146 651 2242 Hichcrrafina
661 2145 797 2238 favos.)
825 2145 989 2219 Horatius
1013 2147 1046 2215 in
1072 2148 1144 2220 odis
1154 2146 1237 2215 imi·

235 2250 320 2310 tatus
342 2241 388 2313 est
410 2245 551 2338 Lpricos
575 2247 737 2321 Graecos,
755 2243 791 2318 ὅ(
806 2247 972 2336 precipue
987 2245 1131 2340 Sappho.
1161 2240 1234 2335 lpse

235 2332 400 2412 Horatius
425 2339 489 2412 sese
510 2341 564 2434 api
585 2341 724 2413 Matinae
747 2359 926 2430 comparat.
936 2361 970 2433 4.
994 2366 1108 2415 carm.

283 2436 358 2530 Ego
381 2438 453 2532 opis
470 2439 624 2510 Marinae
646 2462 733 2508 more
759 2437 911 2532 modoque
928 2459 1028 2531 prora
1055 2443 1216 2539 carpentis

283 2532 409 2631 Thyna
431 2553 491 2629 per
516 2535 655 2607 laborem
671 2533 868 2629 plurimum,
890 2536 978 2605 circa
997 2559 1109 2607 nemus

285 2631 449 2726 Uvidiqur
458 2632 601 2727 Tyberis
617 2634 705 2730 ripas
717 2630 979 2728 operosaparvus
993 2635 1240 2733 carminafirrgo.

282 2725 403 2800 Sensus
430 2727 552 2804 horum
579 2724 761 2800 carminum
789 2726 863 2797 eil:
900 2727 1062 2800 Horatius
1087 2734 1239 2826 princeps

231 2822 438 2921 Lyricorum
461 2826 507 2898 est
526 2828 614 2919 apud
635 2827 794 2905 Latmos,
811 2826 868 2915 qui
888 2849 984 2894 more
1003 2827 1072 2917 apis
1088 2831 1238 2918 Matinae.

232 2925 257 2992 i.
285 2918 465 2995 Venulinae
487 2923 582 2996 favos
605 2924 750 3018 colligit:
777 2920 831 2992 sed
855 2925 971 2992 eadem
994 2922 1063 2992 haec
1080 2927 1148 3014 apis
1174 2952 1237 2997 acu

232 3017 309 3092 ferit
329 3034 476 3090 cruento.
498 3021 518 3090 i.
542 3019 660 3117 satyras
685 3019 892 3113 composuit:
917 3019 1024 3090 Hunc
1046 3018 1145 3092 secuti
1165 3021 1236 3095 sunt

232 3111 386 3206 Aquinas
408 3116 595 3198 luvenalis,
610 3116 806 3192 &Persiust
834 3139 913 3186 cum
936 3114 1058 3209 quibus
1078 3142 1146 3188 non
1166 3145 1238 3191 cer·

231 3227 332 3286 tent,
368 3214 425 3304 qui
446 3212 603 3291 iambos,
630 3213 652 3284 i.
678 3217 878 3285 maledicum
908 3237 1040 3283 carmen
1069 3210 1238 3309 scripsere,

231 3305 478 3388 Archilochus,
497 3309 704 3403 Hipponax,
728 3312 864 3386 Rarius,
886 3309 1074 3381 Bibaculus.

281 3408 364 3497 642·
389 3412 533 3478 Aruncae
555 3409 589 3479 in
610 3409 802 3502 vepribus.)
827 3407 986 3478 Lucillius
1018 3407 1148 3497 primus
1177 3410 1236 3480 luit

230 3501 424 3600 Satyrorum
450 3503 615 3596 scriptor,
641 3506 731 3578 hunc
756 3505 884 3577 secutus
911 3502 958 3576 ell
987 3501 1179 3590 Horatius,
1202 3506 1236 3579 &

231 3601 355 3670 caeteri.
395 3602 549 3683 Juvenal.

276 3698 471 3769 Certamen
493 3700 552 3772 hoc
575 3699 671 3770 libror
696 3700 807 3794 potius
827 3698 995 3772 decurrere
1021 3721 1136 3798 campo

275 3796 342 3867 Per
364 3818 455 3889 quern
475 3820 611 3891 magnus
635 3821 733 3891 equos
756 3803 902 3869 Aruncae
914 3798 1020 3894 flexis
1041 3800 1202 3870 alumnus.

273 3888 502 3964 Archilochus
526 3894 639 3965 Parius
655 3892 738 3977 fuir,
758 3896 938 3969 maledicus
959 3897 1078 3986 poe‘ta:
1094 3898 1184 3969 unde
1201 3892 1237 3961 io

211 3991 410 4069 maledicos
430 4011 549 4070 extant
565 3993 677 4091 haleg.
705 3992 934 4063 Archilochum
949 3988 1099 4080 retica&
1112 3990 1236 4064 Arrhi-

199 4094 303 4176 loch
325 4096 456 4180 melos.
499 4095 659 4178 Tritum
678 4089 732 4169 eh
753 4088 848 4164 'illue
873 4087 922 4158 he
937 4087 1107 4158 Eumne
1123 4085 1278 4238 interpS=

166 4338 214 4376 h.
