2859 4709
459 430 525 485 1u
574 381 953 487 Noenum.
1050 458 1051 462 κ
1135 435 1206 516 413

171 547 174 552 ’
202 542 284 620 tiam
310 567 415 626 ceca,
438 566 533 640 atque
557 546 728 616 temeraria
758 537 957 617 dominairitt
977 544 1081 618 ¹animi
1112 553 1208 645 cupi-

200 646 289 716 ditas
305 640 394 730 adse
412 643 600 736 explendam
623 642 749 712 viribus
771 648 915 736 corporis
930 643 1122 716 abutebatur
1133 665 1212 740 pers

202 735 404 831 niciofifflmic
416 737 626 826 satellitibus.
652 736 729 830 Quo
746 755 884 834 tempore
902 743 1052 834 quidam,
1074 767 1210 837 magnus

202 838 356 911 videlicet
378 836 432 914 vir
453 835 494 911 (9¹
508 837 659 930 sapiens,
681 838 851 929 cognovit,
876 860 946 929 quae
967 838 1209 934 meminisset,

202 933 245 1017 ὰ
259 954 378 1028 quanta
406 935 450 1005 ad
471 934 628 1003 maximas
650 957 703 1005 res
724 939 945 1028 opportunitas
966 934 1135 1007 inanimis
1153 938 1209 1007 in·

202 1028 276 1123 effre
300 1029 481 1110 bominum,
498 1027 529 1124 fi
554 1029 623 1122 quis
645 1045 718 1100 eam·
742 1028 839 1122 posset
862 1031 1006 1113 elicere,
1032 1029 1072 1102 (7
1096 1032 1211 1103 medio-

202 1149 271 1198 rem
289 1127 512 1221 praecipiendo
536 1124 681 1196 reddere.
728 1125 799 1217 Qui
824 1125 979 1220 dispersos
1011 1129 1150 1199 homines
1175 1132 1211 1200 in

201 1224 314 1321 agris,
334 1220 374 1296 (θ’
394 1226 429 1294 in
453 1221 544 1293 tediis
556 1218 756 1316 ftlvesiribus
774 1223 902 1294 abditos
926 1227 1049 1295 ratione
1074 1229 1210 1319 quadam
1272 1278 1274 1280 -

201 1345 299 1391 unum
323 1320 481 1391 inlocum
504 1318 679 1415 compulit,
702 1317 744 1392 (θ’
770 1323 1000 1417 congregatim
1027 1322 1068 1396 (7¹
1096 1348 1153 1394 eos
1175 1324 1212 1394 in
1251 1379 1253 1382 .

202 1439 452 1514 unamquamque
477 1439 543 1486 rem
567 1418 724 1486 inducens
748 1419 878 1501 utilem,
904 1439 999 1513 atque
1024 1414 1208 1512 hundium,

198 1513 305 1617 primo
322 1533 454 1613 propter
479 1513 676 1600 insolentiam
694 1513 921 1592 reclamantes,
940 1515 1057 1587 deinde
1073 1534 1209 1611 propter

201 1612 380 1690 rationem,
399 1629 492 1704 atque
511 1602 867 1702 orationemfludiofius
888 1611 1073 1694 audientes,
1097 1636 1138 1684 est
1150 1610 1210 1702 sc·
1261 1650 1263 1654 ·

185 1708 274 1788 xrib,
297 1704 338 1779 (5
359 1707 394 1776 in
408 1705 551 1777 manibus
569 1707 662 1775 mites
684 1708 850 1790 reddidit,
867 1704 907 1781 (θ’
923 1707 1111 1794 mansuetos.
1151 1714 1208 1780 Ac

199 1803 284 1874 mihi
306 1801 431 1896 quidem
453 1803 581 1874 uidetur
606 1802 689 1878 boc,
715 1824 772 1873 nec
796 1803 926 1885 tacita,
952 1826 1009 1875 nec
1033 1803 1124 1900 inops
1157 1803 1208 1872 di-

201 1899 300 1971 cendi
317 1895 650 1996 sapiencia-perficere
672 1900 834 1996 potuisse,
862 1921 897 1969 ut
918 1900 1063 1971 'bomine-s
1089 1897 1112 1985 d
1136 1923 1210 1970 con·

192 1994 366 2086 suetudine
384 1994 492 2083 subito
517 2016 739 2075 converterer,
757 1995 861 2091 &sad
877 1997 1020 2084 diversas
1040 1998 1119 2069 uitae
1145 2021 1208 2066 ra-

203 2093 307 2163 tiones
332 2091 520 2164 traduceret.
567 2097 650 2188 'Age
679 2116 756 2164 vero
776 2091 916 2181 urbibus
943 2090 1143 2188 constitutis,
1172 2100 1209 2163 u't

195 2185 296 2287 sidem
321 2190 446 2269 colere,
477 2188 517 2264 (Υ
532 2185 692 2286 justitiam
718 2191 856 2261 retinere
881 2190 1115 2279 discerentu&
1131 2189 1210 2260 aliis

198 2304 313 2382 parere
328 2284 391 2374 suu
421 2287 587 2358 voluntate
612 2283 866 2373 consuescerent,
890 2312 930 2358 ac
954 2313 1019 2359 non
1040 2286 1131 2360 moda
1157 2286 1208 2358 la·

201 2382 292 2454 bores
316 2384 517 2481 excipiendos
533 2383 695 2454 'communi
720 2383 815 2473 eausa
841 2387 1014 2466 commodi,
1030 2383 1091 2473 sed
1111 2385 1207 2459 etiam

202 2480 303 2552 vicum
329 2479 534 2552 amittendam
557 2473 790 2571 existimarent.-
816 2483 870 2576 qui
896 2483 1021 2554 tandem
1038 2481 1118 2572 sieri
1140 2504 1207 2578 po·

201 2579 288 2658 tuit,
313 2576 370 2670 nifi
397 2576 538 2649 homines
569 2600 629 2656 ea,
656 2599 729 2668 quae
755 2580 879 2648 ratione
905 2576 1103 2670 inuenissent,
1134 2581 1207 2650 eio-

201 2673 329 2771 quentia
349 2672 538 2771 persuadere
558 2670 732 2770 potuisset?
765 2669 915 2764 Proscdib
935 2700 1024 2746 nemo
1044 2671 1104 2766 nifi
1127 2701 1207 2772 gra-

190 2772 259 2864 qui,
283 2793 322 2840 ac
337 2772 438 2860 suavi
465 2789 636 2843 commotus
661 2771 831 2851 oratione,
866 2794 959 2865 quum
982 2771 1106 2843 viribus
1130 2775 1207 2868 piu·'
1235 2840 1239 2844 .

201 2868 318 2937 rimum
342 2865 459 2962 posset,
484 2866 526 2938 ad
543 2867 605 2959 jus
631 2864 779 2965 uoluisset
796 2864 867 2960 fine
885 2869 920 2938 ui
942 2860 1156 2953 descendere,x
1170 2889 1207 2939 ut

203 2962 286 3033 inter
314 2990 391 3059 quas
411 2964 508 3058 posin
535 2962 716 3044 excellere,
742 2989 810 3036 cum
839 2962 879 3034 ii's
894 2963 934 3049 se
957 2982 1125 3062 pateretur
1152 2990 1207 3034 ae-

203 3062 321 3154 quari,
350 3060 390 3137 (d
412 3063 475 3148 suo
498 3060 663 3134 uoluntate
694 3057 715 3133 d
735 3059 955 3154 jucundiffima
975 3057 1207 3150 'consuetudine

202 3156 387 3237 recederet,
415 3181 482 3252 quae
505 3157 681 3254 praesertim
706 3158 777 3249 jam
800 3180 925 3228 naturae
954 3160 1019 3230 uim
1050 3159 1231 3229 obtineret-

195 3270 331 3349 propter
347 3251 537 3349 uetustatem.
559 3251 735 3324 Habbenus
747 3253 880 3325 Cicero.
905 3255 1029 3327 Horat.
1045 3254 1079 3323 in
1094 3253 1189 3324 Poi‘t.

251 3345 416 3442 Silvesbres
440 3352 581 3423 homines
599 3352 694 3437 sacer
718 3349 931 3446 interpresque
958 3354 1088 3422 deorum

215 3481 220 3490 ·
250 3444 422 3524 Caedibus'‚
448 3448 490 3524 (ν’
514 3446 602 3520 visin
620 3443 706 3536 sudo
732 3444 888 3517 deterruit
913 3449 1082 3541 Orpheus:

248 3544 368 3615 Dictus
388 3544 428 3614 ab
452 3546 511 3616 hoc
536 3544 635 3614 lenire
662 3544 785 3636 tigres,
811 3542 1000 3636 rabidosque
1024 3545 1149 3614 leonest
1200 3587 1204 3598 ι

220 3694 223 3701 -
248 3641 367 3717 Diuus
386 3639 426 3716 (θ’
446 3640 609 3737 Amphion
630 3638 793 3712 Thebanae
815 3637 963 3720 eonditor
989 3640 1076 3711 arcis

247 3734 338 3811 Saxa
351 3762 487 3810 'movere
498 3738 583 3831 sono
607 3731 794 3829 testudinis,
817 3733 859 3808 (⁹⁶
879 3754 974 3828 prece
999 3736 1119 3806 blanda

249 3837 379 3907 Ducere
403 3831 465 3929 qub
488 3833 609 3907 velletr
630 3830 699 3925 suit
723 3830 793 3902 haec
809 3831 973 3927 sapientia
995 3831 1172 3926 quondam,

247 3929 385 4005 Publica
404 3932 547 4026 privatis
563 3930 750 4019 secernere,
768 3925 867 4016 sacra
890 3925 1061 4023 prosanis:

249 4027 430 4106 Concubitu
451 4028 621 4126 probibere
644 4052 755 4126 uago:
786 4023 863 4099 dare
881 4027 962 4124 sura
986 4027 1129 4099 maritist
1209 4096 1211 4101 .

1101 4121 1206 4219 Oppr‘-
1237 4129 1239 4133 ’
