2859 4709
499 403 981 481 Snurunmlss.
1170 433 1242 509 3&

231 542 308 628 lus,
335 539 419 635 sape
446 544 561 615 oculos
586 542 713 615 tinxisse
743 545 841 623 olen,
863 565 905 610 ne
928 560 1068 632 cogerer
1092 537 1240 613 disceret

235 639 275 713 ἃ
305 641 477 713 memoriae
502 643 658 711 mandare
694 642 830 734 grandia
867 637 918 706 illa
953 635 1054 706 verba
1084 641 1238 711 morituri

238 737 377 809 Catonis
401 734 583 849 Uticeqsts,
610 759 683 829 quae
709 738 811 809 verba
837 756 933 803 meus
958 750 1049 822 patet
1074 757 1239 806 convoca·

237 830 278 937 tis
303 833 416 904 amicis
438 832 553 905 sudans
575 833 749 912 recitabat,
770 833 805 904 ὅ(
820 829 948 900 insanos
969 826 1123 919 magister
1140 854 1238 904 meus

236 925 270 996 in
294 929 420 999 coelum
439 927 625 1001 extollebat.
665 931 706 999 ld
726 927 881 1020 putabam
909 927 980 1013 jure
998 926 1127 1014 optimo
1147 920 1258 1016 posse*

234 1021 343 1097 fieriz-
361 1025 436 1118 quia
458 1047 551 1095 mens
570 1044 638 1097 etat
657 1027 691 1093 in
715 1025 794 1097 lodo
818 1024 959 1093 talorum
984 1039 1075 1090 tota:
1098 1021 1134 1094 ὅ(
1157 1023 1237 1113 quid

236 1118 347 1191 damni
371 1119 512 1193 adferret
541 1122 630 1211 jauae
657 1122 781 1201 Canis,
809 1140 863 1191 aut
888 1118 968 1210 quid
994 1120 1168 1188 commodi
1192 1142 1236 1192 ex

234 1213 323 1287 bene
343 1213 430 1311 jaslo
456 1217 599 1290 Senione
625 1219 840 1307 proveniret,
871 1215 904 1282 in
932 1213 1017 1284 votis
1041 1232 1108 1282 erat
1133 1215 1236 1287 etiam

236 1308 343 1393 scire,
365 1337 434 1404 quo
458 1314 554 1405 pauo
580 1337 638 1404 per
665 1313 840 1408 angullutn
862 1334 949 1381 otcae
974 1311 1100 1381 collum
1125 1311 1237 1401 plures

235 1408 374 1481 nucleos
402 1412 635 1481 ttamiuetem:
666 1412 776 1504 itaque
798 1407 965 1481 summum
988 1407 1022 1476 id
1045 1406 1236 1491 ducebam,

234 1503 260 1575 st
287 1505 396 1576 nullus
421 1508 642 1597 intorquendo
667 1504 760 1576 buxo
785 1505 922 1597 flagellis
947 1503 1082 1593 peritior
1107 1503 1236 1576 inveni·

234 1617 339 1671 retur.
369 1602 434 1672 'Tu
458 1624 561 1682 veru,
581 1603 638 1692 qui
663 1603 865 1692 experiendo
888 1599 1024 1670 didicisti
1048 1623 1190 1671 curvum
1215 1626 1234 1674 a

236 1697 333 1766 teslo
357 1693 515 1786 separare:
541 1700 663 1792 quique
687 1697 718 1766 in
738 1698 894 1788 porticu,
917 1695 973 1766 ubi
990 1693 1135 1765 brachati
1153 1698 1235 1768 Me·
1270 1690 1277 1709 ⁸

239 1790 272 1861 oi
305 1791 423 1882 depicti
454 1791 554 1872 sunt,
578 1791 791 1885 philosophos
816 1790 948 1872 andilli,
972 1790 1091 1881 quibus
1118 1791 1234 1864 cirrata

235 1885 392 1981 juventus
417 1889 565 1985 invigilat
590 1888 713 1972 sobria,
736 1908 773 1960 ut
796 1890 870 1979 qo'ae
895 1886 1086 1977 polenta&
1112 1884 1234 1979 siliquis

235 1982 399 2075 pascatur:
419 1986 480 2056 Tu
501 1989 557 2078 qui
575 1985 715 2058 litteram
741 1988 939 2081 Pythagoraa
963 1979 1082 2053 novisti
1100 1982 1131 2051 in
1149 1986 1235 2057 duos

235 2103 344 2153 ramos
360 2076 531 2171 dispersam
549 2086 670 2161 dextro
686 2083 767 2154 calle
793 2083 880 2152 viam
897 2081 1020 2150 tesiam
1041 2077 1235 2150 ostendere.-

235 2191 291 2257 tu,
319 2177 480 2268 inquam,
505 2180 595 2248 aliter
629 2180 818 2266 excitandus
843 2178 879 2251 dt
906 2174 1107 2270 instigandos
1132 2195 1234 2268 atque

236 2274 332 2343 etiam
352 2271 657 2362 reprehendendus,
676 2275 787 2344 Stertis
807 2273 924 2346 adhuc.
950 2274 1005 2342 An
1023 2271 1136 2341 oscitas
1153 2294 1234 2363 pto·

235 2388 306 2459 pter
325 2367 507 2439 hesternam
530 2371 715 2459 crapulam?
737 2394 813 2438 nam
837 2367 957 2439 videris
978 2385 1074 2458 caput
1095 2368 1126 2435 in
1151 2371 1232 2439 duas

235 2484 340 2555 partes
367 2463 489 2537 dilltttis
515 2466 673 2545 maxillis,
703 2467 739 2539 ἃ
764 2490 927 2559 compage
948 2463 1049 2535 soluta
1068 2463 1231 2532 dissecare.

190 2602 193 2619 ι
235 2560 389 2652 Propone
413 2561 474 2630 tibi
497 2560 655 2652 scopum,
676 2562 707 2629 in
730 2587 829 2653 quem
850 2562 1021 2653 jaculeris:
1046 2581 1088 2626 ne
1105 2557 1232 2629 remet‘e

234 2656 355 2749 dirigas
373 2680 505 2737 arcum,
519 2678 555 2729 ut
571 2659 626 2749 qui
644 2658 755 2746 pallam
777 2683 834 2749 pet
857 2661 981 2734 lutum,
993 2655 1029 2727 δι
1043 2653 1137 2725 testas
1154 2676 1231 2723 cor·

235 2775 295 2822 vos
328 2755 451 2822 incerto
474 2759 558 2844 pede
582 2753 797 2844 prosequitur.
847 2756 900 2821 An
928 2751 1046 2821 melius
1070 2768 1163 2837 putas
1187 2771 1231 2822 ex

234 2864 386 2937 tempore
407 2850 540 2922 vivere?
574 2850 718 2920 Falleris,
759 2851 849 2919 Nam
876 2847 1021 2921 venienti
1046 2870 1231 2917 occurren·

233 2947 313 3014 dum
341 2942 388 3014 est
412 2947 556 3024 morbo,
581 2944 650 3016 sero
675 2947 710 3018 ὃ(
731 2944 843 3016 frustra
865 2944 1072 3015 helleborum
1096 2943 1133 3015 ὅ(
1156 2967 1232 3012 me·

234 3042 376 3109 dicinam
400 3040 536 3131 poscunt
562 3042 683 3134 aliqui:
714 3067 790 3110 cum
817 3043 882 3131 jam
917 3041 999 3110 cutis
1024 3063 1112 3135 aegta
1139 3041 1230 3109 iutu-

234 3137 339 3206 muit:
371 3138 527 3208 venienti·
541 3162 624 3232 ergo
645 3138 790 3206 morbo:
816 3138 858 3206 lic
885 3137 973 3205 enim
994 3160 1061 3206 non
1084 3136 1146 3206 etit
1170 3158 1230 3204 ne·

234 3233 315 3302 cesse
344 3234 481 3304 medicis
505 3256 621 3304 aureos
646 3252 773 3302 montes
799 3235 958 3324 polliceri.
994 3231 1142 3309 Discite,
1163 3230 1231 3297 mi·

234 3325 290 3398 seri
308 3328 344 3401 ὅ(
360 3330 532 3422 ignem&
550 3329 660 3399 discite
685 3353 798 3399 rerum
820 3330 927 3400 causas
953 3330 1115 3416 primum:
1135 3326 1232 3396 dein·

232 3427 302 3506 de,
329 3428 409 3514 quid
434 3425 556 3500 simus,
585 3426 620 3495 &
644 3449 742 3515 quam
768 3425 813 3493 nb
837 3425 962 3496 caulam
991 3423 1088 3494 limos
1118 3421 1151 3490 in
1176 3421 1231 3490 ui-

232 3537 297 3589 tam
322 3524 456 3592 edudli:
484 3524 555 3612 quis
581 3521 616 3590 stt
645 3524 727 3588 ordo
754 3522 828 3588 vitae
853 3519 1012 3594 datum&
1029 3540 1128 3610 quam
1145 3517 1238 3593 mola·

233 3615 269 3687 lis
292 3615 400 3688 flexus
433 3620 516 3687 circa
542 3638 691 3694 metam,
719 3612 755 3688 &
780 3619 868 3686 unde
894 3614 1047 3684 iledlendi
1076 3612 1231 3690 initium,

231 3711 303 3800 quis
328 3716 449 3783 modus
478 3713 722 3789 constituendus
746 3727 906 3803 argento:
943 3710 1024 3800 quid
1049 3705 1088 3776 fit
1114 3724 1229 3796 optare

230 3808 308 3877 sas:
334 3812 412 3901 quid
442 3830 530 3879 nova
560 3826 699 3882 moneta
724 3808 869 3883 utilitatis
897 3802 1041 3876 habeat:
1071 3818 1231 3891 quantum

231 3904 369 3993 patriae,
397 3905 589 3997 propinquis
614 3899 751 3998 elargiri
769 3905 911 3974 deceatt
944 3922 1044 3993 quem
1070 3915 1103 3967 te
1132 3899 1231 3969 Deus

229 3997 296 4070 else
319 3998 432 4093 judo,
458 4002 495 4079 ὅ(
518 4024 583 4080 una
611 3998 795 4170 qtlaanqqe
819 3998 945 4072 locatus
972 4017 1006 4073 es
1031 3997 1064 4066 in
1079 3990 1251 4160 ·re,ddis·''

772 4110 775 4114 '
801 4115 821 4188 3
1089 4112 1148 4165 cett
1174 4108 1232 4163 um
