2859 4709
511 433 888 512 teusanus.
1125 384 1204 534 {73

262 556 340 635 'Aut
366 584 435 635 tum
446 560 484 648 st
501 556 522 644 ὲ,
534 558 625 656 paflu
646 564 701 641 vi,
718 562 797 641 vix,
819 579 969 659 aegreque
990 553 1175 637 revellunt:

265 660 411 753 Cumque,
428 660 522 731 boves
544 659 661 755 liquidi
672 656 857 753 suspellont
883 661 1004 729 lumina
1028 660 1094 730 coli
1106 703 1117 741 ,

265 753 497 851 Olfaiiantque
518 781 640 839 auras,
656 754 697 830 (δ’
708 758 825 842 suctos
851 756 982 825 naribus
1008 759 1090 826 udos

195 870 266 949 540
274 852 394 928 Crebro
415 854 569 935 trahunt,
584 852 792 948 dextrumque
808 853 895 924 latus
914 846 1109 945 consternere
1119 875 1204 949 gau·,

320 947 398 1024 dent

268 1049 341 1117 Aut
363 1046 491 1141 lingum
516 1043 649 1130 adversa
673 1046 779 1138 pilos,
804 1069 859 1117 aut
887 1044 1017 1139 vespere
1028 1046 1107 1131 sero

269 1143 408 1236 Mugitu
431 1143 552 1234 ingenti
577 1142 734 1224 redeunt,
764 1144 930 1238 caulasque
947 1139 1109 1237 fatigant.

153 1259 160 1268 ·’
268 1237 348 1309 Cum
364 1233 429 1328 fia·
450 1258 511 1305 nou
531 1234 640 1326 salios
656 1240 716 1325 sus
736 1236 859 1333 dissipat
881 1260 938 1307 ore
956 1239 1139 1332 maniplos,

269 1334 411 1426 Cumque
421 1352 514 1403 attero
527 1334 621 1426 lupus
637 1336 796 1413 exululat,
805 1356 935 1428 cumque
948 1332 1108 1426 improbus
1121 1335 1206 1406 idetn

199 1431 350 1526 545'Net
371 1450 515 1500 metuens
537 1429 695 1500 hominum
707 1433 840 1526 propius
861 1423 1017 1519 toassin,
1029 1428 1070 1505 (ἲ
1083 1428 1177 1525 offert

183 1570 187 1577 ·
271 1525 317 1596 Se
339 1524 533 1597 mendicanti
548 1521 704 1615 finium,
726 1552 763 1598 ac
784 1527 855 1597 loca
878 1529 963 1597 culta
977 1545 1139 1617 pererrat.

268 1625 360 1716 Ergo
385 1622 419 1691 in
446 1617 606 1711 consilium
627 1623 728 1692 maria
749 1627 908 1701 advocat,
935 1622 1054 1693 aetltera
1080 1646 1207 1706 terras,

271 1720 494 1810 Naturamque
514 1739 664 1806 omnem,
687 1718 831 1812 vivitque
856 1718 1017 1808 autoribus
1041 1715 1135 1811 astris

274 1813 360 1884 Cura
371 1811 462 1883 dtilm
476 1813 646 1907 agricola,
659 1833 751 1908 atque
768 1813 874 1885 animo
890 1811 1037 1909 praescita
1052 1815 1206 1903 recenset,v

200 1924 275 2005 550
284 1909 325 1977 Et
348 1931 453 1978 rerum
475 1929 607 1979 eventus
626 1906 720 1994 sensu
747 1910 900 2005 praesagit
928 1930 1034 1980 acuto.

270 1997 407 2075 Hant'd
433 2006 578 2074 calicolae
600 2006 710 2097 magni
737 2006 895 2078 concedite
920 2006 1034 2075 vitam.

273 2101 331 2173 Sic
354 2100 431 2170 milti
455 2099 608 2174 delitias,
626 2095 675 2191 fic
699 2101 915 2173 blandimenta
938 2100 1102 2183 laborum,

267 2198 323 2269 Sic
339 2195 459 2286 satiles
481 2200 554 2267 date
568 2194 693 2289 semper
716 2217 815 2289 opes,
841 2196 901 2269 isac
922 2197 1066 2292 improba
1084 2199 1182 2285 sumo

271 2292 361 2367 Vota
373 2316 464 2363 tenus
477 2334 488 2371 ‚
501 2314 660 2383 nunquam
673 2290 775 2375 certi,
787 2318 946 2387 nunquam
959 2295 1018 2364 illa
1035 2296 1204 2387 precabor,¹

202 2405 269 2485 555
282 2389 457 2482 Splendeat
479 2408 514 2457 ut
538 2387 636 2456 rutilo
655 2384 755 2475 frons
779 2387 936 2475 invidiosa
952 2389 1090 2486 goleto,

272 2486 525 2579 Tergeminaque
545 2483 665 2575 gravis
681 2481 801 2578 surgat
827 2488 903 2557 mihi
927 2491 1026 2556 mitra
1050 2508 1178 2566 corona.

274 2582 369 2653 Talia
391 2579 518 2664 Fesitleo
540 2581 645 2647 lentus
668 2583 846 2650 meditabor
868 2583 902 2651 in
923 2602 1016 2650 antro

273 2680 365 2752 Rure
377 2676 561 2761 suburbano
580 2676 766 2755 Medicum,
784 2672 846 2769 qud
866 2677 1057 2764 monssater
1073 2675 1181 2744 urbem

272 2774 477 2848 Maeoniam‚
494 2770 642 2866 longique
664 2773 828 2842 volumina
853 2772 985 2867 despicit
1011 2773 1110 2851 Arni.

203 2870 272 2963 560
282 2865 366 2961 Quae
392 2870 489 2939 donus
516 2866 680 2959 hospitium
695 2865 806 2956 felix,
826 2869 1045 2963 placidamque
1068 2869 1205 2962 quietem

273 2965 427 3060 Indulget
452 2964 617 3041 Laurens,
637 2965 804 3046 Laurens,
826 2966 914 3035 haud
938 2966 1052 3033 ultima
1073 2961 1182 3035 Pnaol

273 3062 387 3133 Gloria
406 3057 540 3153 saliaris
560 3062 707 3131 Laurens
724 3056 798 3145 fida
820 3083 937 3131 ancora
953 3057 1083 3154 Most,

272 3154 343 3244 Qui
360 3152 389 3247 fi
410 3174 497 3225 certa
518 3156 622 3249 magis
641 3155 822 3247 permiserit
845 3157 912 3226 otia
937 3155 1051 3235 nohis,
1156 3172 1158 3176 ’

273 3249 418 3339 Afflabor
440 3251 558 3342 majore
581 3250 660 3329 deo,
684 3249 746 3320 nec
767 3254 838 3344 jam
861 3250 964 3320 ardua
987 3270 1110 3322 tantum

204 3349 271 3445 565
282 3350 376 3421 Silva
398 3370 620 3425 memnones,
644 3370 855 3440 montanaque
869 3349 957 3434 saxa
979 3348 1160 3439 loquentur.

275 3442 341 3515 Sea
363 3461 396 3511 tu
422 3439 471 3533 (si
495 3464 556 3533 qua
575 3439 682 3532 sides)
708 3463 744 3512 tu
767 3440 901 3534 nosirum
916 3439 1057 3533 sorfiton
1083 3443 1159 3512 olim

275 3540 310 3613 0
336 3561 405 3608 mea
431 3539 548 3608 blando
573 3538 673 3605 altrix
698 3562 762 3607 non
790 3536 995 3631 aspernabere
1019 3560 1160 3609 carmen.

276 3634 441 3724 Quamuis
469 3656 655 3728 magnorum
672 3636 820 3727 genitrix
838 3630 1001 3706 Florentia
1023 3652 1161 3715 votum,

275 3729 442 3825 Doiiaque
469 3752 518 3800 me
542 3727 664 3824 triplici
685 3731 807 3803 recinet
829 3726 990 3824 facundia
1013 3725 1139 3823 lingua.

672 4112 787 4213 ΑΗ
916 4147 921 4160 ¹
1034 4107 1236 4193 'mn‘-
