2859 4709
467 452 907 530 saeratae.
1116 479 1188 556 319

149 640 154 649 ,
182 569 341 645 libertas:
371 573 497 650 sedita
523 578 651 651 decidat
677 578 753 654 naso
781 599 862 661 tuo,
879 579 914 653 ὅ(
932 574 1053 673 rugosa
1075 577 1192 661 sanna,

149 738 151 751 ,
182 668 282 740 Dum
311 675 451 744 extraho
482 674 543 745 tibi
574 677 615 746 de
649 681 807 767 pulmone
836 678 931 746 anilia
964 676 1194 759 deliramenta,

156 856 163 865 .
184 790 262 859 quae
282 767 339 838 diu
360 768 501 842 tenuisti.
548 773 631 844 Non
652 774 801 866 praetoris
821 772 866 843 est
891 776 967 842 dare
992 773 1094 844 llultis
1117 773 1195 847 sub·

184 864 255 934 tilia
280 862 391 938 officia
410 891 541 963 rerum,
564 868 602 942 δι
627 891 719 941 acuta
744 871 906 961 sapientiae
930 887 1116 959 praecepta,
1139 890 1192 943 at·

152 992 159 1003 ·
186 984 253 1055 que
280 965 499 1053 permittere,
524 984 560 1036 ut
583 968 698 1037 celeris
724 968 799 1037 vitae
824 965 882 1038 suo
909 982 1018 1037 utatur
1045 964 1192 1039 arbitrio.

186 1057 300 1131 Citius
328 1059 400 1135 fieri
429 1063 580 1152 poterit,
608 1082 643 1135 ut
678 1068 869 1155 praelongus
900 1063 972 1132 calo
1005 1060 1194 1135 sambucam

186 1174 265 1244 apte
294 1153 475 1240 intendat,
505 1184 603 1251 quam
636 1180 674 1231 ut
703 1179 825 1248 praetor
856 1159 988 1229 stultum
1020 1159 1194 1231 hominem

189 1249 311 1322 officiis
337 1256 499 1337 instituat,
522 1256 557 1330 bt
583 1281 661 1327 vere
688 1257 830 1328 liberum
856 1255 961 1326 faciat.
1007 1255 1108 1328 Ratio
1136 1257 1193 1328 slat

189 1365 303 1419 contra
328 1368 391 1432 te,
420 1352 456 1425 ὅ(
489 1354 605 1423 clamat
635 1354 668 1421 in
699 1378 813 1425 autern
845 1353 1008 1423 secretam.
1057 1354 1116 1424 Ne
1146 1353 1193 1423 li-

190 1463 263 1516 ceat
290 1447 401 1518 facete
433 1447 465 1517 id
498 1452 589 1539 quod
617 1450 689 1540 quis
723 1453 803 1521 dum
838 1452 936 1544 agit,
964 1448 1080 1521 vitiose
1114 1451 1193 1544 agit.

188 1540 327 1613 Publica
354 1544 530 1616 hominum
557 1547 632 1636 lege
650 1546 686 1618 δί
709 1547 840 1617 naturali
868 1546 933 1617 hoc
956 1545 1005 1615 fas
1032 1545 1192 1617 constitu·

188 1654 263 1707 tum
292 1639 367 1708 ell:
396 1659 431 1712 ut
457 1642 557 1712 etiam
586 1641 676 1710 inscii
707 1668 744 1712 ac
776 1646 901 1720 mdes,
928 1668 946 1712 a
977 1642 1097 1735 quibus
1127 1648 1191 1714 de·

149 1788 154 1797 .
186 1730 292 1804 beant
317 1733 490 1816 abstinere,
518 1736 731 1829 cognoscant.
772 1738 835 1810 Vis
858 1759 1041 1829 temperate
1067 1739 1194 1810 ellebo-

188 1854 269 1901 rum
297 1829 438 1905 nesciens
465 1832 588 1925 justum
614 1837 744 1926 pondus
773 1833 962 1913 adhibere,
997 1858 1047 1906 ars
1077 1836 1193 1907 Medi·

191 1928 276 1998 cinae
304 1952 371 1998 non
391 1931 551 2020 permittit
574 1929 650 1999 hoc.
699 1931 733 2002 Si
760 1930 896 2004 rusticus
917 1953 1042 2020 perone
1068 1932 1193 2004 calcea-

190 2043 244 2096 tus
272 2023 446 2096 lucifelum
471 2051 538 2097 non
569 2026 791 2121 cognoscens,
814 2028 894 2100 velit
922 2027 1108 2120 gubernare
1134 2052 1193 2098 na-

191 2123 287 2201 vim,
314 2123 490 2193 Melicerta
517 2125 702 2204 exclamet,
730 2124 810 2194 nihil
838 2121 1006 2214 reliqttum
1032 2122 1095 2193 elie
1127 2148 1194 2216 pu·

192 2219 276 2287 dori.
319 2218 355 2288 st
384 2219 487 2292 virtus
516 2222 603 2291 dedit
631 2220 691 2291 tibi
717 2221 946 2303 vivereredla
977 2220 1129 2297 ratione,
1157 2219 1195 2297 δι

192 2312 252 2385 scit
278 2313 462 2386 discernere
489 2338 507 2384 a
537 2341 793 2398 veteretum,
824 2341 930 2409 nequa
964 2317 1088 2409 species
1122 2322 1194 2390 veri

192 2413 262 2483 euri
292 2411 411 2483 tinnitu
444 2432 478 2482 te
506 2411 625 2494 fallat,
661 2438 738 2485 cum
771 2412 808 2482 lit
837 2411 1065 2492 subactarum,
1102 2411 1138 2485 bt
1170 2416 1195 2485 st

190 2505 320 2603 signasti
339 2511 429 2598 prius
454 2528 562 2588 creta,
589 2533 662 2600 quae
683 2508 781 2580 cllent
799 2511 1043 2598 ampledlenda‚
1061 2509 1097 2581 δ(
1111 2534 1195 2582 mox

193 2605 338 2674 carbone
365 2606 562 2696 quaeforent
583 2606 748 2678 ediverso
772 2608 932 2678 evitanda.
960 2606 1008 2673 ·Si
1035 2628 1069 2673 es
1095 2628 1197 2697 appe·

193 2703 258 2770 titu
292 2705 492 2781 moderato,
519 2703 636 2774 humili
669 2707 772 2771 domo
799 2722 1003 2782 contentus,
1031 2701 1196 2793 jucundus

193 2795 333 2874 amicis,
352 2799 401 2868 ita·
420 2816 457 2869 ut
483 2799 657 2890 aliquando
681 2800 870 2870 liberalitate
892 2798 1011 2878 utatis,
1038 2797 1074 2869 t&
1096 2801 1197 2887 possis

193 2891 445 2976 transcendere,
470 2914 747 2986 contemnereque
772 2919 948 2966 nummum
986 2920 1003 2964 a
1027 2897 1137 2984 pueris
1163 2896 1197 2966 in

194 2988 267 3060 luto
294 2987 429 3075 fixum,
457 3016 517 3061 nec
548 3017 625 3078 cum
655 3016 774 3085 magna
803 2993 922 3062 mentis
948 2990 1109 3062 anxietate
1144 2992 1196 3064 lu-

195 3110 254 3157 cro
285 3083 408 3156 inhiare
443 3091 727 3179 quemadmodum
762 3087 897 3180 gulosus
933 3087 1054 3178 sapidas
1085 3088 1199 3178 epulas

195 3200 390 3274 appetenter
422 3180 570 3256 absumit.
616 3186 707 3258 Cum
734 3186 855 3253 dixeris
882 3208 960 3254 vere
985 3184 1055 3252 haec
1087 3181 1199 3254 officia

195 3302 271 3349 mea
304 3276 401 3359 sunt,
426 3281 462 3355 ἃ
487 3278 628 3352 observo
653 3306 721 3359 ea,
749 3299 820 3350 tum
849 3277 887 3348 srs
913 3282 949 3353 ἀ
978 3282 1060 3349 libet
1085 3281 1122 3352 sl<
1154 3278 1200 3350 sa·

196 3377 321 3466 piens,
349 3375 495 3447 humano
527 3379 706 3469 divinoque
738 3376 809 3466 jure
841 3375 1108 3447 concedentibus.
1154 3379 1201 3446 At

196 3471 222 3540 sa
246 3492 283 3544 tu
308 3475 427 3546 retines
452 3491 601 3545 veterem
631 3475 840 3564 pelliculam,
867 3497 944 3542 cum
974 3473 1076 3542 fueris
1100 3474 1201 3561 paulo

189 3584 271 3638 ante
300 3566 417 3641 nostrae
446 3569 582 3649 farinae,
606 3569 728 3660 &prae
751 3570 909 3639 teserem
934 3569 1014 3638 boni
1042 3566 1104 3637 viti
1129 3568 1203 3657 spe·

196 3665 316 3743 ciem,
351 3663 540 3739 intrinsecus
566 3691 600 3737 es
626 3666 884 3743 fraudulentus,
915 3684 1029 3756 repeto
1059 3685 1097 3730 ea
1127 3688 1205 3756 quae.

196 3759 355 3832 dederam
385 3763 445 3834 tibi
477 3763 595 3854 snpra,
626 3761 818 3853 sapientiam
845 3760 882 3831 ἃ
916 3759 1136 3844 libertatem,
1166 3758 1204 3840 ὃς

196 3856 339 3931 vinculis
367 3858 529 3932 servitutis
560 3863 683 3932 iterum
719 3877 752 3930 te
782 3857 936 3950 albingo.
985 3852 1086 3925 Ratio
1123 3856 1205 3927 nihil

196 3953 261 4024 tibi
286 3956 454 4027 concessit:
475 3982 572 4027 exere
598 3953 825 4052 digitum&
847 3953 913 4046 jam
942 3977 1068 4044 peccas.
1104 3954 1205 4025 Nuu-

196 4052 280 4145 quid
299 4066 368 4124 tam
383 4078 523 4148 parvum
546 4052 612 4138 eli,
628 4054 727 4152 quim
749 4052 838 4126 reete
860 4051 1005 4147 digitum
1025 4048 1203 4216 exercepel

1168 4170 1222 4229 Ἀ).

1278 4336 1289 4367 d
