2859 4709
271 457 328 512 oa
350 417 463 542 ardo
488 400 656 531 Onera.
696 437 768 514 Lib.
784 441 815 510 1.
840 401 963 515 etti·¹
1071 415 1192 541 '545¹'ss

205 626 208 640 .
231 567 278 642 est
295 571 447 662 Smyrna.
488 570 530 638 In
548 567 619 642 sinu
635 570 807 666 Smyrnaeo
830 567 876 638 est
896 565 1049 639 Hermus
1071 593 1143 641 am·

207 711 219 750 r
252 667 288 745 ὃς
322 668 402 741 urbs
430 668 572 742 Leuca:
602 666 705 737 Extra
738 687 845 747 eum,
877 661 1001 738 Photis
1036 663 1142 744 Ionia

207 788 262 838 oa.

364 908 658 996 entur
715 863 915 995 xvrrr.

234 1073 236 1077 ’
453 1071 799 1157 ‘AEoura

212 1245 358 1321 Roxitna
382 1248 503 1344 regio,
531 1270 575 1318 ex
609 1270 677 1337 quo
702 1241 744 1319 ab
771 1245 879 1319 AEolis
903 1244 1005 1318 incoli
1032 1243 1138 1338 coepit

228 1347 335 1427 AEoiis
357 1346 458 1429 faeta,
485 1361 560 1414 ante
583 1341 710 1434 Mysra,
732 1343 768 1414 δε
790 1340 854 1437 quia
878 1341 1139 1435 Hellespontum

213 1443 260 1537 git
275 1441 434 1532 Troianis
463 1436 720 1531 poffidentibos,
742 1439 852 1511 Troas
871 1440 946 1514 suit.
989 1441 1138 1512 Primam

213 1563 250 1608 :m
280 1537 297 1606 a
326 1539 472 1631 Myrino
500 1534 671 1606 conditore
697 1535 870 1630 Myrinam
891 1556 1045 1620 vocant.¹
1068 1537 1138 1608 sea
1220 1614 1222 1619 ,

213 1654 288 1705 nem
313 1633 432 1723 Pelops
455 1630 584 1712 statuit,
612 1631 702 1704 vidio
727 1635 898 1706 OEoomao'
919 1630 1067 1705 reversus
1092 1653 1136 1708 etr

213 1733 288 1802 cia:
318 1729 451 1825 Cymen
476 1728 685 1811 nominavit,
717 1728 817 1823 pulfis
846 1727 903 1822 qui
929 1727 1137 1812 habitataot,

219 1829 431 1898 Amazonum
454 1826 577 1922 Cyme.
617 1825 743 1917 Supra,
767 1825 899 1922 Caycus
917 1825 1003 1898 inter
1018 1823 1135 1898 lateam

214 1923 294 2005 irrit,
307 1924 343 1998 ὅ(
356 1926 519 2018 Pytaner'n
537 1923 646 2004 illam,
659 1946 734 2014 quae
749 1920 954 1999 Archesrlarn
965 1922 1063 1998 tulit,
1079 1921 1150 2000 ni·¹
1172 1996 1174 2002 ,

214 2019 381 2121 ffirmantis
395 2018 585 2095 Academiae
599 2019 811 2097 ctariffimum
828 2015 1010 2094 antistitem.
1035 2016 1146 2093 Tum'

215 2117 421 2190 romontorio
448 2117 494 2189 esi
526 2118 640 2192 Canna
669 2118 859 2209 oppidum,
894 2117 984 2209 quod
1004 2129 1134 2210 :practer

215 2243 242 2288 >s
265 2215 350 2289 sanus
372 2215 518 2306 excipit,
536 2239 613 2286 non
632 2237 771 2308 parvus,
792 2212 848 2286 sed
864 2212 967 2306 longe
988 2239 1027 2286 ac
1044 2211 1132 2284 mol-

216 2314 339 2394 flexus,
359 2309 589 2403 retrahensque
609 2314 766 2402 paulatim
781 2335 853 2384 oras
876 2309 979 2405 usque
999 2313 1041 2383 ad
1061 2309 1130 2382 ima

217 2413 249 2484 :is
270 2407 347 2480 Idae.
370 2411 405 2481 Is
423 2434 507 2480 mox
520 2409 630 2496 parvis
648 2393 787 2480 urbibus
809 2407 952 2500 aspersus
969 2406 1036 2490 est,
1053 2431 1132 2501 qua·

221 2509 392 2597 ciariffima
409 2505 455 2578 est
468 2505 612 2578 Cistena.
652 2506 800 2581 Gremio
817 2506 973 2577 interiore
992 2528 1130 2595 campus

217 2629 248 2676 ie
275 2605 441 2684 nomine,
476 2599 726 2683 Adramittion,
753 2601 929 2698 Astyram,
961 2600 1128 2697 Chrysam

218 2704 268 2783 ia,
286 2705 406 2772 eodem
427 2722 494 2792 quo
512 2699 596 2770 diua
617 2695 690 2770 sunt
708 2697 1025 2790 ordineadjacentia
1049 2714 1138 2773 con-r

239 2800 282 2869 Io
298 2787 402 2869 altero
422 2798 523 2868 latere
538 2786 757 2869 Antandrum.
787 2795 928 2886 Duplex
952 2792 1045 2886 causa
1063 2820 1127 2867 no·

218 2923 221 2964 t
242 2896 390 2988 jadiatur.
433 2892 502 2965 Alii
524 2890 700 2966 Ascanium
721 2895 839 2965 AEneae
855 2891 963 2964 filium
982 2916 1059 2964 cum
1079 2890 1127 2964 ibi

218 3013 297 3075 tren,
313 3010 445 3082 captum
467 2985 486 3058 it
507 2989 650 3085 Pelasgis
673 3015 710 3061 ea
732 2989 763 3061 se
781 2985 953 3060 redemisse
971 2992 1126 3064 comme&

220 3109 280 3162 nt:
305 3090 376 3161 Alii
399 3084 441 3158 ab
463 3087 503 3156 iis
527 3104 640 3176 putant
662 3089 856 3166 conditam,
878 3109 962 3180 quos
982 3113 1024 3160 ex
1051 3086 1127 3157 Αῐι-Ι

219 3186 309 3258 nsula
334 3186 383 3256 vis
412 3180 589 3258 &seditio
620 3202 789 3277 exegerat.
833 3183 885 3268 Hi
915 3184 1125 3258 Antandrum

237 3306 299 3373 pro
328 3281 472 3356 Andro,
500 3275 658 3372 iliiyquast
681 3303 743 3371 pro
764 3279 836 3380 viro
866 3280 970 3372 accipi
989 3279 1125 3353 'volone

218 3404 270 3451 ens
294 3381 413 3449 tradins
434 3375 540 3468 tangit
567 3379 741 3469 Gargara,
769 3375 806 3450 ὅ(
836 3377 963 3456 Asson,
982 3377 1123 3450 AEolum

218 3479 278 3548 ias.
308 3477 410 3547 Tunc
427 3470 512 3542 sanus
534 3473 613 3546 aiter
631 3470 858 3562 ’izermano
876 3498 944 3545 nou
961 3472 1062 3568 longi:
1079 3475 1121 3546 ab
1195 3489 1197 3492 ’

218 3575 311 3644 ittora
332 3576 499 3652 incurvat,
518 3571 619 3654 urbe,
637 3572 747 3653 bello,
766 3573 965 3666 excidioque
986 3568 1121 3642 clariffi-

229 3669 295 3741 Hic
320 3670 467 3762 Sigaeum
492 3665 555 3737 fuit
580 3668 754 3758 oppidum.
794 3668 865 3740 Hic
892 3667 1120 3739 Archivorum

218 3766 395 3839 cessantium
414 3763 518 3835 statio.
557 3763 639 3835 ΗυοΙ
657 3763 698 3834 ab
720 3767 815 3836 Idaeo
831 3781 946 3837 monte
967 3761 1121 3836 demissus

220 3867 320 3937 ander
342 3864 411 3934 exit
423 3859 459 3932 dt
471 3861 618 3944 Simois,
635 3860 724 3935 fama
743 3859 842 3955 qu'am
861 3882 973 3935 natura
990 3860 1120 3955 majora

219 3987 262 4035 oa.
296 3961 371 4051 Ipse
393 3981 488 4032 mons
500 3977 612 4030 vetere
630 3959 780 4032 divarum
794 3962 994 4039 certamine,
1014 3957 1051 4032 dt
1066 3959 1121 4054 iu·

224 4058 347 4132 Paridis
360 4073 584 4135 memoratus,
600 4058 771 4136 orientem
781 4056 892 4135 soiem
904 4058 1003 4131 ainer
1012 4053 1155 4158 ,oniam

204 4160 233 4230 t.
247 4156 380 4238 Smtiii
391 4159 496 4259 opo,
522 4158 703 4261 Torudi,
841 4157 950 4238 uim
1031 4180 1038 4190 “
1133 4160 1184 4235 ¹5¹
