2859 4709
149 350 299 479 λ’»
351 434 409 488 1n
444 414 740 492 Garanum
779 415 1037 489 Ausourr.
1141 436 1214 514 259

196 532 398 619 (letberto,
419 535 437 607 'a
458 535 576 629 triplici
596 535 713 608 mortis
736 559 883 630 genere,
912 540 1086 622 Naturali,
1118 542 1214 616 Vio-

198 630 364 718 lento‚&
383 634 548 705 Fortuito.
590 635 679 725 Quae
701 635 761 705 tria
780 632 888 705 rursus
907 660 1012 728 quum
1034 636 1093 708 fint
1118 637 1214 713 innu-

199 750 318 807 mera,
343 731 459 802 lorum
491 730 614 802 dedere
643 728 778 820 poetis,
808 748 845 800 ut
874 730 1015 822 plurima
1049 733 1213 828 fingerent

200 825 357 900 Cerbero
385 827 508 920 capita,
525 829 615 899 unde
638 826 760 897 Horat.
790 826 841 896 lib.
857 847 889 902 2.
920 831 1003 901 ore.
1018 849 1073 920 13.
1104 832 1211 906 bellua

200 924 368 1019 oentlcepS.
395 921 535 995 Hessod.
573 924 697 1020 Τήιος.
728 926 899 994 llarrlarrrn
926 946 1073 1012 uenator,
1094 928 1213 1000 numl-

199 1038 284 1101 oat‚.
298 1020 335 1091 id
361 1018 426 1101 est,
452 1020 689 1114 quinquaginta
716 1023 874 1112 capitum.

248 1116 294 1200 ll.
305 1136 365 1190 10.
388 1118 530 1190 Tridens
539 1121 691 1211 Neptuno
699 1121 732 1208 ,)
747 1116 822 1208 quia
837 1141 920 1208 aqua
935 1116 1060 1199 labilis,
1078 1120 1215 1209 nabilis.

201 1211 368 1306 potabilis.
409 1216 479 1287 Aut
495 1215 571 1305 quia
586 1233 651 1284 tres
671 1212 752 1285 sunt.
765 1235 858 1304 aquae
879 1232 1012 1287 naturae.
1035 1220 1129 1290 Nam
1149 1220 1216 1295 flu-

203 1310 325 1381 miueae
348 1309 385 1384 &
407 1312 550 1382 fontanae
581 1311 692 1383 dulces
715 1306 819 1390 sunt,
847 1311 1019 1386 maritima
1045 1312 1150 1396 sallae,
1176 1315 1214 1390 ὅ(
1244 1342 1246 1347 ·

202 1419 341 1478 amaro:
363 1408 496 1480 laeuum
514 1430 613 1487 vero,
634 1430 697 1481 nea
718 1430 858 1487 amarae,
882 1432 943 1478 nec
963 1407 1075 1503 gullui
1098 1429 1211 1506 gratae.

201 1498 273 1573 Aut
290 1502 413 1575 tridens
437 1501 595 1597 significat
617 1520 681 1574 tres
700 1527 843 1598 magnos
858 1505 1096 1578 Mediterranei
1114 1507 1212 1583 tinus.

250 1599 392 1695 Triplex
420 1602 598 1692 Helenes.)
622 1599 761 1691 Duplex
784 1624 888 1672 ovum
917 1599 964 1671 est
992 1601 1026 1673 in
1055 1603 1212 1677 Fabulis:

202 1697 301 1785 quod
323 1696 425 1768 Laeda
448 1696 575 1788 peperit
599 1721 642 1769 ex
667 1697 754 1777 Jove
779 1696 814 1765 in
843 1697 1000 1791 Cycnum
1026 1699 1143 1772 verso:
1176 1700 1214 1775 &

202 1812 253 1861 ex
273 1813 342 1864 uno
365 1789 552 1874 Helenam,
576 1791 613 1867 δί
636 1791 913 1889 Clytemnellram
937 1793 1123 1867 fabulantur
1147 1796 1213 1869 elle

202 1894 316 1965 natas'a
338 1910 381 1959 ex
399 1889 504 1961 altero
522 1887 694 1963 Castorem
713 1887 749 1962 ὅ(
770 1889 949 1960 Pollucem.
993 1891 1059 1962 Sed
1083 1890 1211 1963 Aulon.

168 2006 171 2010 ·
203 1984 325 2075 triplex
350 2008 457 2057 ovum
487 1986 563 2058 facit
587 1987 667 2059 alios
700 1985 828 2057 secutus
859 1984 1046 2058 authores:
1078 1985 1115 2060 δι
1147 1986 1214 2078 ipse

203 2080 527 2252 lpigralaimilllfit⁷
543 2081 646 2248 scujus
669 2083 782 2156 titulus
808 2080 854 2154 ell
879 2083 922 2153 de
946 2081 1108 2167 castore,
1133 2083 1215 2164 Polq

218 2201 303 2256 ure,
429 2200 521 2250 eena
556 2203 619 2251 rer·

187 2315 191 2321 ’
252 2325 335 2425 Istos
358 2328 537 2426 tergemino
564 2327 651 2417 nasci
680 2353 759 2424 quos
784 2330 950 2404 remisol
973 2354 1036 2404 ovo·

251 2425 412 2500 Patribus
436 2426 594 2521 ambiguis
617 2427 659 2502 (ἲ
684 2425 838 2498 matribus
861 2425 960 2522 alfere
983 2452 1077 2502 natos

254 2525 327 2594 Hor
346 2524 460 2616 genuit
484 2518 650 2614 Nemests:
667 2521 731 2608 sed
755 2524 855 2594 Laeda
874 2545 1034 2620 puerpera
1049 2522 1140 2612 fovit
1210 2575 1215 2585 1

252 2616 437 2691 Tindmeus
452 2614 548 2714 pater
571 2619 622 2690 tis
639 2616 679 2695 (Τ
696 2621 912 2739 Jupiter3lie
928 2639 1045 2714 putat,
1071 2620 1123 2690 hie
1134 2617 1215 2705 scit.

255 2786 313 2841 11.
327 2766 393 2838 Ter
410 2792 495 2839 nova
505 2762 706 2862 Nestoreos.)
731 2767 903 2858 Purpura,
916 2766 950 2836 id
963 2763 1031 2848 est,
1045 2786 1214 2862 regnum,

206 2862 272 2935 live
291 2864 464 2956 juventur:
482 2882 537 2936 aut
560 2865 673 2937 alludit
690 2864 731 2933 ad
750 2862 873 2935 vellem
888 2864 1082 2935 Parcarum:
1101 2859 1217 2943 idest,

207 2960 334 3032 Nellor
358 2961 440 3033 vixit
461 2977 527 3033 tres
549 2982 677 3057 genens.
719 2956 776 3028 Ell
799 2976 909 3028 autem
934 2956 999 3032 una
1023 2957 1217 3054 geneatri·

206 3058 298 3151 ginta
327 3055 456 3129 &duo
485 3060 572 3128 anni.
597 3058 673 3129 vide
699 3053 860 3126 Emblemo
893 3055 1042 3138 alciati,
1073 3055 1120 3127 ibi
1152 3074 1216 3125 nos

205 3155 300 3244 plura
325 3156 367 3223 de
393 3155 508 3226 Genea.
532 3153 610 3227 vide
636 3155 745 3246 Adag.
770 3150 958 3224 Cornicibus
990 3154 1148 3226 vivacior.
1176 3146 1215 3222 &

205 3248 365 3345 Nestorea
375 3248 516 3336 seneffia.
560 3250 658 3321 Idem
675 3269 788 3321 autem
810 3245 875 3328 est.
898 3249 983 3323 ultra
1004 3246 1143 3340 penlum
1160 3245 1216 3316 vi·

206 3371 310 3428 vere,
328 3344 388 3420 &a
408 3343 492 3417 ultra
509 3345 628 3417 tusum.

254 3464 310 3537 17.
321 3441 407 3513 Ales
418 3443 628 3540 Cynnnmro.)
652 3444 694 3512 In
709 3441 818 3535 Adag.
830 3441 1020 3515 Cornicibur
1043 3436 1232 3510 vivaciore·

203 3540 311 3613 multa
340 3541 513 3612 traduntur
544 3542 585 3609 de
627 3539 777 3611 aetatibus
811 3537 937 3608 animal.
980 3559 1054 3628 quae
1091 3531 1216 3602 Plinius

206 3634 308 3732 ΗΜ.
348 3654 418 3730 cap.
432 3637 491 3728 48.
520 3636 666 3710 fabulosa
696 3649 800 3725 putat.
850 3632 1020 3704 Arillotel.
1048 3629 1101 3697 lib.
1110 3653 1145 3719 4.
1178 3630 1219 3697 de

206 3735 321 3808 Gener.
342 3735 472 3806 animal.
498 3755 569 3830 rap.
594 3735 708 3808 ultimo
734 3729 777 3800 src
794 3727 859 3799 ait:
892 3729 1015 3801 Homo
1032 3724 1122 3794 enim
1142 3720 1221 3814 plus

205 3833 388 3922 temporis,
411 3854 510 3923 quam
537 3833 678 3921 quodvis
700 3826 820 3900 animal
844 3825 949 3909 vivit,
975 3837 1117 3911 excepto
1143 3817 1220 3888 ele·

205 3926 341 4018 phante.
382 3928 503 4020 Itaque
524 3927 663 4021 Hispan.
685 3921 843 4022 proverb.
866 3921 1005 4015 propius
1022 3941 1103 3990 vero
1124 3938 1219 3987 acce·

204 4025 313 4109 deos,
342 4028 409 4107 air:
438 4024 631 4104 Traianos
660 4024 704 4101 un
727 4025 824 4194 [ἵζοι
857 4038 924 4094 rres
947 4019 1038 4114 seros
1063 4039 1107 4090 uu
1138 4033 1221 4082 cana

811 4139 835 4199 2
1155 4125 1221 4186 tres
