2859 4709
245 396 314 486 536
428 358 801 469 'Poniorrrr
846 394 1045 475 Menae
1191 414 1223 466 ›.·=

513 569 551 654 C
580 571 622 655 A
647 572 677 654 P
702 570 809 657 UT
866 571 963 654 IX.

434 737 686 830 Particularis
714 745 816 862 —Astae
843 697 1054 860 descriptin.

541 914 599 996 AE
627 941 655 996 e
690 887 867 996 reru
895 937 928 994 s.
1064 941 1083 955 „

232 1086 399 1266 'ASiae
420 1095 524 1187 prima
546 1080 803 1191 parrAEgpptus
821 1095 907 1166 inter
921 1090 1234 1176 Catabathmum&

353 1193 501 1271 Arabas,
521 1191 561 1262 ab
583 1191 648 1262 hoc
675 1193 783 1263 littore
805 1191 937 1282 penitus
953 1189 1114 1273 immilla,
1132 1195 1236 1263 donec

237 1286 443 1377 AEthiopiam
476 1286 574 1359 dorso
601 1291 794 1382 contingat,
821 1291 863 1358 ad
895 1290 1077 1367 meridiem
1103 1289 1235 1382 refugit.

236 1381 345 1450 Terra
369 1407 487 1474 expers
508 1384 692 1465 imbrium,
716 1387 800 1454 mire
822 1401 932 1456 tamen
953 1383 1095 1467 fertilis,
1119 1384 1157 1459 de
1179 1385 1234 1457 hu·

235 1476 365 1548 minum
393 1481 599 1570 aliorumque
623 1481 815 1554 animalium
845 1480 1067 1572 perfoecunda
1092 1505 1233 1576 genera·

234 1574 310 1643 trix.
359 1576 459 1647 Nilus
487 1574 612 1656 efficit,
640 1581 788 1649 amnium
810 1579 843 1647 in
868 1578 1014 1650 nostrum
1040 1568 1135 1650 mar'e
1159 1601 1233 1666 per·

233 1672 419 1742 meantium
440 1674 618 1745 maximus.
655 1672 726 1745 Hic
751 1693 793 1744 ex
815 1674 945 1745 desertis
961 1672 1087 1745 Africa
1109 1669 1233 1753 mitius,

232 1789 297 1838 nec
322 1767 427 1840 statim
456 1771 603 1864 navigari
623 1769 745 1851 facilis,
772 1795 833 1841 nec
854 1770 959 1841 statim
982 1770 1090 1863 ¹Nilus
1112 1769 1178 1842 est:
1203 1769 1232 1845 dt

233 1887 313 1934 cum
336 1866 395 1937 diu
420 1865 558 1959 simplex
582 1865 748 1960 saevulque
771 1865 1067 1947 descendit,-circa
1091 1868 1231 1940 Meroen

233 1961 299 2031 late
315 1979 480 2059 patentem
503 1961 657 2047 insulam,
675 1964 709 2033 in
730 1962 935 2055 AEthiopiam
953 1959 1232 2048 diffunditur2al·

232 2067 369 2150 teraque
392 2085 434 2131 ex
452 2080 545 2152 parte
556 2060 757 2141 Astaboras,
776 2061 874 2139 altera
898 2057 1037 2150 Astapus
1055 2061 1167 2132 dietus
1182 2057 1229 2130 etl.

199 2153 302 2255 ‚Ubi
324 2153 433 2230 rursus
455 2161 541 2240 coit,
561 2156 607 2227 ibi
627 2181 750 2229 nomen
776 2155 841 2229 hoc
866 2157 961 2248 capit.
1001 2156 1093 2226 Inde
1120 2157 1225 2247 partlm

231 2249 346 2341 alper,
376 2252 496 2343 partim
522 2254 653 2346 navigia
675 2255 828 2346 patiens,
859 2253 892 2324 in
919 2253 1104 2348 immanem
1130 2257 1223 2326 lacum

230 2334 390 2418 deienit:
417 2375 461 2422 ex
487 2373 553 2441 quo
575 2352 734 2442 praecipiti
761 2352 889 2439 impetu
910 2348 1078 2444 egteffu52
1103 2348 1143 2424 &
1167 2350 1227 2420 Ta·

231 2444 397 2536 chempso‚
412 2450 547 2518 alteram
572 2447 708 2519 insulam
736 2449 929 2539 amplexus,
946 2443 1066 2540 usque
1089 2450 1135 2516 ad
1159 2447 1228 2528 Ele,

229 2542 422 2636 phantinem
445 2541 564 2615 urbem
587 2544 783 2640 AEgyptiem
812 2562 906 2614 atrox
931 2539 1061 2627 adhuc,
1087 2540 1231 2612 fervens·

229 2665 297 2734 que
323 2640 474 2713 decurrit.
515 2642 611 2713 Tum
637 2644 775 2711 demum
798 2639 980 2732 placidior,
1003 2639 1041 2711 ὅ(
1062 2637 1132 2730 jam
1151 2660 1232 2730 pene

228 2736 441 2831 navigabilis,
464 2740 610 2831 primurn
630 2738 722 2833 juxta
743 2734 962 2808 Cercasorum
985 2736 1151 2828 oppidum
1174 2733 1229 2803 tri·

227 2836 311 2926 plex
330 2834 394 2906 elle
410 2836 533 2928 incipit.
577 2835 710 2905 Deinde
735 2830 836 2903 semel
857 2834 1047 2924 iterumque
1068 2829 1189 2901 divisus
1207 2829 1232 2898 it

226 2954 289 3021 per
322 2954 459 3003 omnem
490 2934 680 3029 AEgyptum
712 2952 818 3024 vagus
850 2949 949 3023 atque
983 2926 1170 3027 dispersae,
1191 2925 1253 2995 ac'

228 3026 332 3101 Delta
350 3028 723 3120 medium,septemque
737 3027 770 3098 in
783 3049 840 3097 ora
861 3025 893 3096 se
914 3023 1074 3104 scindens,
1094 3018 1229 3115 singulis

167 3134 173 3143 '
227 3144 341 3196 tamen
366 3127 498 3220 grandis
522 3125 698 3198 evolvitur.
749 3125 832 3195 Non
853 3140 999 3215 pererrat
1020 3137 1129 3197 autem
1156 3136 1228 3188 tan-

225 3239 412 3302 tumeam,
436 3221 492 3294 sed
508 3221 620 3295 aellivo
643 3221 748 3293 fidere
765 3223 934 3292 exundans
953 3220 1054 3291 etiarn
1073 3217 1232 3310 irrigant,

225 3316 311 3394 adei>
338 3317 528 3392 efficacibus
549 3321 647 3410 aquis,
669 3319 710 3390 ad
735 3320 962 3420 generandum
986 3315 1232 3406 alendumque,

226 3435 263 3491 ut
287 3430 405 3507 preter
426 3417 462 3487 i'd
482 3412 574 3510 qurid
596 3415 691 3488 scatet
714 3413 877 3502 piscibus,
901 3415 992 3508 quod
1012 3411 1231 3504 Hippopota-

223 3536 328 3592 mos,
362 3503 628 3606 Crocodilosqne
659 3511 763 3583 vastat
796 3511 920 3605 belluas
950 3509 1093 3605 gignit,
1125 3503 1229 3601 glebis

161 3670 163 3687 ,
224 3613 325 3685 etiam
351 3607 497 3681 infundat
514 3611 656 3693 animas,
677 3634 721 3679 ex
740 3609 872 3701 ipsaque
888 3606 992 3681 humo
1007 3605 1119 3677 vitalia
1138 3600 1230 3675 effin-

223 3724 291 3801 gat.
333 3702 416 3776 Hoc
442 3733 483 3777 eo
506 3706 713 3780 manifestum
737 3703 801 3787 est,
819 3707 909 3797 quod
924 3702 983 3774 nbi
1005 3700 1130 3773 sedavit
1150 3699 1232 3771 dilu-

222 3807 297 3884 via,
319 3827 355 3873 ac
383 3799 414 3871 se
439 3803 497 3875 fibi
519 3806 681 3882 reddidit,
699 3826 761 3893 pet
781 3803 955 3890 humentes
980 3821 1118 3890 campos
1138 3816 1225 3891 qua·

220 3902 296 3975 dam
321 3901 470 3972 nondum
502 3899 649 3992 perfedla
684 3899 871 3980 animalia,
902 3894 1056 3969 sedtum
1082 3895 1229 3988 primum

211 3998 416 4102 accipientia
439 3998 620 4099 spiritum,
646 3996 686 4074 dt
703 4020 757 4088 ¹cu
776 4014 870 4087 parte
892 3994 970 4087 iam,
984 3991 1156 4101 formata,
1188 4012 1229 4064 ex

565 4146 568 4152 .
730 4146 732 4151 .
1119 4102 1230 4179 Qu
