2859 4709
263 445 335 536 460
452 546 456 557 ,
614 440 638 514 8
663 458 683 511 c
707 459 733 509 11
758 461 781 510 o
804 459 828 511 1,
853 459 869 512 1
890 458 917 512 a
1253 532 1256 537 Ι

308 572 352 656 tl.
365 572 446 664 396.
473 569 615 658 Annosae
635 570 837 666 conspetlu.)
860 571 953 645 Vide
977 564 1256 660 adagiumr'Cori

262 669 386 739 nitidus
412 669 566 738 vivacior.

312 785 393 855 397.
421 768 494 834 Nec
518 788 588 855 qnae
610 764 884 860 magnanimum.)
909 761 1066 833 Pisander
1088 755 1256 835 Pisonis&

263 861 463 931 Aristaecoiae
476 860 560 929 filius
570 904 581 939 ‚
593 862 836 932 Alexandrinus
850 859 914 929 fuit
923 902 934 938 ‚
943 856 1000 929 sed
1012 883 1120 950 quum
1132 859 1165 929 in
1175 855 1257 927 Rho·

263 959 344 1030 dum
375 956 405 1026 se
429 956 632 1035 contulisset,
656 957 772 1027 maluit
799 957 834 1026 se
862 953 1091 1029 Camitensem
1114 952 1257 1045 appellati

263 1078 364 1145 quam
381 1053 655 1123 Alexandrinum.
682 1053 836 1126 Camirus
851 1052 941 1123 enim
963 1050 1046 1123 urbs
1066 1049 1115 1122 est
1132 1048 1267 1129 Rhodi,¹

261 1169 300 1223 ut
333 1151 376 1221 ait
409 1152 529 1239 Pomp.
572 1151 666 1221 Mela
702 1149 739 1222 δι
770 1147 899 1241 reliqui.
951 1146 1088 1239 Scripsit
1118 1144 1260 1220 Pisandet

263 1245 394 1318 duobus
420 1244 528 1323 libris,
554 1247 612 1339 qui
642 1244 882 1325 desiderantur,
911 1243 1060 1340 Lusum
1089 1242 1271 1317 Herculiu-

261 1342 296 1411 in
326 1341 377 1412 his
413 1344 539 1432 primus
572 1343 641 1433 ipse
676 1340 800 1416 clavam
834 1340 980 1413 Herculi
1019 1340 1126 1411 dedit.
1180 1338 1264 1413 Vide

261 1436 417 1509 Macrob.
445 1438 499 1508 lib.
524 1456 554 1523 ς.
583 1443 694 1512 Satur.
722 1461 796 1515 oz.
837 1437 999 1512 Meminit
1040 1433 1261 1510 Pausaniasin

261 1532 327 1603 line
354 1535 486 1606 secundi
515 1535 660 1607 Pisandri
685 1535 884 1610 Camirenfis
917 1533 1053 1625 eiusque
1082 1533 1195 1624 operis
1227 1532 1261 1603 dn

261 1629 447 1702 Hercule.-
482 1632 600 1702 dicitur
630 1635 742 1721 itaque
779 1628 966 1725 Camirtnfis
1000 1628 1038 1703 δι
1082 1631 1260 1704 camiros.

261 1728 357 1800 Alius
392 1727 455 1798 fuit
490 1728 643 1799 Pisandet
677 1730 878 1801 Larandaeus
908 1730 1040 1822 poe'ta;
1075 1727 1160 1796 item
1191 1724 1258 1799 aliu

261 1827 355 1896 miles
378 1827 419 1895 de
442 1850 509 1917 quo
532 1844 621 1897 extat
647 1827 890 1916 proverbium,
914 1823 1082 1896 Timidior
1102 1822 1259 1913 Pisandro.
1294 1894 1295 1907 ,

264 1922 360 1991 Ordo
378 1941 489 1992 autem
509 1920 664 1994 versuum
682 1922 748 1995 est:
767 1922 866 1995 Musa
893 1921 1039 1993 Pis-andri
1064 1943 1178 2012 neque
1196 1918 1258 1991 nul·

141 2096 143 2102 .
261 2015 352 2096 lum,
374 2018 409 2087 id
434 2017 502 2099 ess,
524 2019 657 2111 aliquod
675 2044 824 2101 nomen,
847 2020 1002 2093 &decus
1026 2016 1186 2090 conciliat
1204 2015 1277 2089 Cr.

261 2114 347 2186 miro
365 2113 474 2185 sterili.
514 2116 669 2188 Carnirus
694 2141 797 2206 porro
814 2115 856 2187 ab
877 2115 1036 2205 Homero
1062 2113 1098 2183 in
1119 2113 1259 2209 catalogo

262 2213 396 2284 navium
428 2230 567 2283 vocatur
602 2211 756 2294 sterilis,
789 2210 906 2284 Strabo
933 2213 986 2284 lid.
1008 2230 1065 2303 14.
1105 2212 1187 2282 Nec
1215 2204 1282 2303 qtt'·

261 2302 424 2386 bissenos,
449 2305 628 2401 Pannyastn
654 2309 755 2379 dicit:
781 2309 817 2381 Is
843 2310 932 2381 enim
955 2308 1087 2380 labores
1109 2306 1260 2381 Heredis

262 2405 511 2497 quatuordeeim
532 2404 761 2477 voluminibus
779 2403 910 2499 l'oripfit.
947 2409 1046 2496 Opus
1065 2403 1151 2475 illud
1168 2406 1261 2476 Hero·

261 2503 343 2572 cleia
363 2502 574 2590 nuncupavit.
607 2500 682 2593 Ipse
703 2502 964 2576 Halicarnasseus
989 2502 1063 2571 suit.
1109 2501 1261 2573 Meminit

261 2596 359 2687 hujus
383 2599 492 2689 poetae
513 2596 680 2670 Pausanias
699 2599 731 2668 in
750 2601 920 2672 Phocicis:
946 2593 1104 2694 Panyafis
1127 2596 1262 2691 (inquit)

261 2697 428 2769 Poliorchr'
447 2690 540 2781 filius
561 2698 596 2765 in
620 2695 670 2765 his
688 2692 854 2787 verfibus,
875 2721 952 2791 qnos
976 2698 1010 2765 r'n
1025 2694 1208 2766 Herculem
1220 2692 1261 2786 fr·

261 2794 326 2875 cir,
352 2793 418 2867 &o
440 2792 558 2862 deinde
583 2793 658 2863 citat
681 2791 754 2885 ejus
775 2795 843 2864 duo
870 2795 1024 2864 carmina.
1069 2788 1260 2879 Quintiliani

261 2886 364 2980 porrh
380 2885 481 2959 verba
499 2888 570 2959 haec
589 2886 670 2961 sunt.
708 2887 880 2988 Panyafim
902 2913 942 2960 err
967 2908 1102 2981 utroque
1126 2886 1278 2977 (Helio.

262 2987 308 3055 do
325 2984 361 3058 δι
381 2983 603 3077 Antimacho)
626 2980 750 3077 mistum
771 3005 914 3079 purant,
939 2987 972 3056 in
998 2984 1182 3075 eloquendo
1202 2996 1283 3058 nen'

261 3082 344 3153 rrius
365 3104 492 3175 aequare
517 3082 673 3164 virtutes,
695 3082 833 3153 alterum
858 3103 965 3153 tamen
989 3079 1028 3149 ab
1047 3102 1084 3150 eo
1108 3085 1258 3159 ronteriar
1274 3090 1295 3151 ·l

261 3181 398 3250 alterurn
415 3177 599 3274 disqtonendi
621 3178 749 3251 rarione
763 3180 923 3274 superari.
965 3176 1054 3249 Haec
1080 3174 1150 3247 ille.
1185 3179 1258 3251 Hor
1276 3170 1295 3247 :²

260 3274 372 3366 patent
398 3275 550 3346 carmina.
605 3275 689 3345 Non
726 3274 838 3346 saltem
876 3273 1028 3347 laudibus
1068 3293 1185 3364 aequet
1212 3270 1281 3345 hs·¹

260 3396 404 3453 crorum,
430 3371 464 3442 id
488 3369 558 3455 esl,
581 3369 795 3448 Hesiodum,
817 3372 992 3448 Clarium,
1014 3367 1051 3439 id
1079 3369 1151 3454 est,
1179 3368 1259 3443 Anti*
1294 3450 1295 3457 q

259 3467 439 3551 maehum,
464 3487 501 3538 ut
524 3469 669 3540 diximus
693 3467 799 3560 supra.
841 3467 971 3562 Scripsit
995 3465 1056 3536 alia
1084 3470 1197 3543 multa
1218 3470 1266 3541 Pa·

258 3562 385 3658 musis,
408 3581 445 3634 ut
474 3563 577 3636 refert
602 3565 733 3638 Suidas.
853 3642 857 3647 ,

306 3681 388 3751 403.
415 3664 489 3733 Neo
510 3663 643 3734 Chalcis
668 3662 877 3751 alumnum.)
904 3656 1108 3753 Euphorion
1139 3658 1260 3736 Chald·

258 3756 352 3828 dicus
372 3757 563 3853 Polymneti
589 3754 677 3831 filius
699 3760 786 3843 fuit,
802 3762 887 3831 inter
914 3780 1013 3847 opera
1034 3781 1111 3848 quae
1129 3754 1261 3853 scripsi·

256 3850 449 3925 referuntur
477 3851 675 3948 Mopsopia,
699 3856 732 3925 id
758 3853 826 3936 est,
851 3878 903 3926 res
928 3852 1179 3935 Athenienses,
1205 3872 1263 3925 nant

169 3946 174 3953 ’
256 3948 400 4023 Athenae
417 3949 665 4045 cognominatae
681 3950 752 4022 sunt
768 3950 970 4043 Mopsopiae.
1016 3948 1125 4023 Hunc
1146 3958 1265 4045 politam

254 4044 470 4123 transferebat
494 4048 613 4140 Gallus
632 4051 731 4138 polita
751 4046 785 4119 in
804 4049 956 4135 Latinam
976 4046 1158 4142 linguatu,
1178 4070 1214 4126 ut
1227 4048 1265 4116 io-.

250 4140 326 4230 nuit
339 4139 510 4243 Vir-gilius
527 4142 677 4237 indollo,
1219 4142 1267 4227 llo
