2859 4709
287 406 333 477 34
467 388 1055 453 Asuousuiouus

308 498 504 597 Mirataesl
529 502 709 572 Marathon
733 504 852 574 Craetei
866 504 1028 598 sanguine
1052 498 1163 581 tauri,
1277 592 1280 599 Ι

309 598 470 692 Quodque
483 600 577 686 suain
590 600 726 685 securus
749 621 820 669 arat
845 602 1018 673 Gramiona
1042 599 1174 669 conitus

310 699 456 774 Munus,
483 694 616 790 opusque
637 718 727 765 tuum
753 692 814 791 tss:
834 698 928 768 tellus
950 696 1130 792 Epidauria
1149 710 1210 791 per
1228 716 1256 768 te

311 793 519 889 Clavigeram
537 795 618 863 uidit
633 792 776 867 Vulcani
793 795 972 865 occumbere
992 794 1135 887 prolem,

310 889 430 969 Vidn,
452 888 492 964 θ
513 892 661 960 immitem
682 886 839 985 Cepiifins
861 911 913 961 ota
939 884 1152 983 Procrusten:

313 988 484 1085 Cercyonis
510 989 632 1067 letum,
654 986 738 1058 vidit
761 989 901 1060 Cerealis
922 983 1060 1079 Eieufin

313 1085 445 1156 Occidit
467 1084 521 1154 ille
543 1086 657 1158 Sinis,
681 1086 808 1179 magnis
830 1078 912 1153 mall
930 1078 1055 1155 viribus
1072 1080 1169 1167 usuca

311 1180 384 1270 Qui
404 1201 531 1274 poterat
556 1205 689 1251 curvare
713 1182 841 1251 trabes:
860 1180 900 1255 (5
920 1182 1034 1277 agebat
1052 1179 1092 1250 ab
1111 1179 1182 1251 alto

313 1280 375 1348 Ad
404 1300 523 1348 terram
551 1278 615 1347 late
634 1276 807 1372 sparsurus
832 1300 967 1375 corpora
987 1281 1098 1373 pinus.

313 1374 417 1444 Tutus
441 1374 483 1455 ad
508 1374 690 1446 Alcathoi‘u
714 1376 869 1471 Lelegeia
896 1380 1005 1447 maenia
1034 1375 1127 1445 limes

313 1468 486 1566 Compofito
510 1473 642 1543 Scirone
664 1491 754 1567 patet
769 1468 953 1569 :sparsique
981 1472 1120 1542 latronis

315 1565 422 1637 Terra
444 1588 541 1661 negat
558 1568 687 1653 sedent,
702 1570 811 1656 sedern
835 1594 874 1641 ne
898 1566 1065 1659 at'oJlt'bus
1085 1570 1196 1641 unda.-

314 1660 402 1754 Quae
421 1664 545 1758 joliaco
569 1663 625 1735 diu
638 1663 751 1755 fertur
773 1594 897 1758 duraffd
913 1664 1051 1761 vetustas

315 1763 355 1830 ln
367 1762 541 1856 scopulos,
560 1761 709 1857 scopulis
732 1788 844 1835 nomen
871 1764 1015 1837 Scironis
1042 1765 1196 1835 adltaerer.

268 1855 475 1955 Corynetes,
506 1856 572 1930 sive
599 1861 768 1957 Cotyneta
794 1858 938 1935 Vulcani
963 1858 1075 1942 filius,
1101 1876 1260 1951 pronepos
1292 1860 1295 1943 i

270 1956 400 2025 Saturni
427 1958 516 2046 (nott
543 1957 718 2047 Neptuni)
747 1982 791 2030 ex
813 1958 945 2040 lunone
970 1954 1075 2028 dietus
1098 1953 1117 2027 it
1140 1956 1262 2029 Clara,

270 2075 344 2142 qnae
362 2052 491 2127 Graeci:
519 2069 620 2146 sepau
655 2053 797 2131 dicitur,
825 2079 888 2145 qua
915 2054 1056 2127 advenas
1090 2048 1295 2123 interficia*

268 2145 343 2218 bat:
367 2150 500 2221 reddere
527 2153 648 2229 vitain,
672 2150 793 2232 idest,
819 2150 916 2222 moti.
969 2148 1022 2220 Sic
1049 2148 1137 2221 enim
1162 2150 1265 2215 intes·

270 2266 385 2335 pretor
404 2271 470 2315 tion
487 2267 521 2318 ut
546 2246 608 2316 alii.
648 2248 827 2321 Coronides
846 2246 890 2319 est
906 2244 1106 2335 AEi'cuiapius
1127 2242 1168 2312 ab
1185 2237 1269 2313 urbe

272 2340 350 2421 sua,
374 2342 407 2411 id
432 2342 502 2427 est,
524 2344 720 2435 Epidauro,
748 2341 795 2414 ibi
820 2346 908 2415 enim
934 2342 1057 2415 occisus
1085 2338 1130 2411 eii
1159 2337 1269 2433 Coty·

272 2459 356 2507 neta.
399 2437 573 2510 Secundus
595 2438 639 2509 est
662 2440 786 2523 Scinis,
804 2441 857 2509 vel
878 2439 983 2520 Sinis,
1005 2441 1133 2533 dequo
1158 2432 1268 2526 supas,

274 2536 331 2625 qui
356 2556 484 2625 poterat
506 2556 663 2618 curvate,
682 2557 753 2607 caet.
795 2534 935 2607 Tettius
959 2536 1085 2631 Scyron
1113 2552 1151 2605 ut
1173 2524 1295 2621 iupti.'

276 2632 423 2720 Quartus
447 2634 666 2725 Polipemon‚
690 2634 725 2702 id
743 2630 811 2707 est,
829 2632 1021 2712 damnoius‚
1044 2630 1102 2721 qui
1129 2629 1195 2699 alin
1215 2648 1270 2693 no·

274 2750 364 2797 nune
396 2731 500 2801 didius
530 2730 592 2802 fuit
628 2730 799 2799 Pincttiies
835 2728 852 2801 'a
882 2730 1086 2819 ptaectdendn
1121 2728 1139 2794 ‘a
1170 2738 1271 2794 nuo·

274 2838 524 2896 xonTOMAI
549 2822 644 2898 velli
673 2824 814 2896 KRYO
838 2847 995 2916 percutio.
1047 2822 1117 2894 Hic
1144 2818 1273 2913 (inquit

273 2922 479 3002 Diodotus,
514 2925 571 3018 qui
602 2923 715 2994 omitia
741 2922 809 2992 haec
835 2926 940 2993 narta't
967 2922 1067 3011 liba,
1096 2940 1208 3016 cap.7.
1238 2914 1274 2987 de

274 3019 369 3090 rebus
389 3018 528 3111 Thesei)
547 3022 688 3092 viatores
714 3019 855 3110 cogebat
877 3017 974 3107 supet
992 3018 1111 3087 lodium
1134 3017 1275 3111 aliquem

277 3112 481 3195 ascendere,
507 3113 644 3209 quodsi
668 3116 838 3208 longiores
862 3112 960 3185 eilent
988 3137 1077 3205 parte
1102 3108 1276 3205 superemi-

276 3233 376 3283 nente
391 3212 651 3306 amputabantur.
691 3211 842 3303 Quintus
856 3210 902 3282 eil
916 3212 1140 3283 Minotaurus.
1177 3208 1277 3303 Oydo

276 3310 406 3387 aih&
438 3316 495 3404 qui
514 3331 607 3383 natus
628 3306 674 3377 est
698 3328 790 3399 parte
811 3310 871 3380 alia
898 3306 962 3379 toi,
988 3308 1113 3382 homo,
1143 3306 1203 3377 alia
1231 3303 1278 3397 ju·

277 3432 410 3480 vencus.
450 3412 563 3487 Sinin,
586 3410 678 3495 (non
699 3408 807 3504 Cynen
832 3422 885 3477 aut
912 3406 1055 3497 Sinnin)
1077 3422 1175 3474 vocat
1201 3402 1278 3471 Pau·

277 3501 341 3576 san.
370 3505 423 3576 lib.
447 3527 478 3580 1.
522 3507 620 3578 Idem
649 3502 706 3574 lib.
729 3527 760 3579 2.
795 3504 828 3572 in
858 3504 963 3597 prima
998 3522 1074 3595 pag.
1110 3499 1142 3569 in
1180 3498 1281 3608 princ.

279 3604 397 3675 llihnii
424 3605 532 3675 fronte
558 3605 651 3672 locus
677 3598 752 3669 est:
780 3598 839 3671 ubi
865 3596 949 3668 Sinis
980 3598 1063 3666 latro
1093 3601 1235 3667 curvatis
1264 3612 1280 3657 a

280 3720 366 3774 tetta
394 3699 596 3775 diversarum
621 3695 791 3787 piceatum
822 3694 1087 3769 contundens,
1113 3714 1199 3781 quos
1226 3710 1282 3779 pu·

280 3803 414 3893 gnando
438 3794 562 3871 viciilet
588 3795 666 3867 uilis
691 3794 847 3885 utrinque
874 3792 1032 3870 vinculis,
1055 3788 1229 3883 alligabat,
1254 3798 1285 3852 ut

281 3923 386 3990 titium
410 3899 443 3967 in
469 3893 558 3968 suain
583 3913 733 3964 naturam
760 3889 894 3959 arbores
919 3890 1082 3962 redirent,
1118 3880 1287 3953 militabi·

280 3994 348 4069 lein
372 3996 419 4071 illi
449 3996 484 4067 in
509 3995 653 4070 modum
677 3984 958 4069 diiitaltetentut2
984 4008 1053 4079 quo
1083 3978 1149 4077 ipio
1178 3978 1288 4167 Fid?
