2859 4709
283 477 960 559 nncrnuonnrc.zib.11.c.zs
1060 486 1130 582 553,
1199 491 1203 499 ·

228 607 326 702 'asper
360 627 459 702 atque
492 612 646 684 indecens
676 635 859 701 corporum
892 609 1022 682 habitus
1053 613 1132 700 est,

204 730 295 778 erum
314 710 355 778 ad
377 708 556 793 ferociam,
574 708 610 781 δί
627 733 824 792 numerum,
847 725 884 779 ut
907 709 1005 780 multi
1022 708 1134 778 immi·

205 828 247 874 ue
273 803 360 887 sint,
392 807 538 877 maxime
565 807 665 879 ferax.
718 809 847 878 Paucos
871 829 984 877 amnes
1012 806 1070 899 qui
1099 806 1133 876 in

206 923 274 994 rgus
313 903 486 985 evadunt,
520 927 637 975 verum
670 902 903 975 celeberrimos
941 902 1134 985 Hebrum,

207 997 290 1081 ion,
307 999 533 1096 &Strymona
557 999 686 1072 emittit.
727 1002 864 1073 Montes
883 1002 1019 1071 interior
1038 999 1133 1072 attol·
1208 1026 1210 1035 ·

221 1095 370 1169 Haemon
395 1095 430 1173 ὃς
458 1094 654 1190 Rodopen,
678 1099 715 1175 ὃς
742 1097 921 1174 Orbelon,
947 1095 1041 1169 sacris
1068 1096 1133 1166 Li-

235 1195 355 1283 patris,
384 1194 419 1271 &
453 1215 544 1268 coetu
579 1197 776 1268 Mae'nadunr
808 1192 951 1287 Orpheo
985 1195 1137 1286 primum

208 1308 279 1361 anre
312 1290 504 1365 celebratos.
556 1292 585 1359 E
617 1290 737 1384 quibus
766 1291 909 1363 Haemus
941 1292 975 1361 in
1004 1311 1150 1363 tantum·

209 1388 311 1458 odinis
330 1389 420 1471 abit,
442 1408 478 1461 ut·
499 1387 693 1469 Euxinum,
716 1387 910 1462 &Adriam
934 1414 977 1460 ex
1000 1388 1134 1460 summo

209 1486 257 1554 ice
287 1482 443 1556 ostendat.
491 1485 564 1556 Una
593 1504 674 1576 gens
701 1484 851 1556 Thraces
874 1487 1040 1569 habitant,
1065 1487 1135 1559 aliis

209 1605 266 1672 pue
294 1581 421 1670 praediti
448 1579 484 1655 ὃ(
510 1579 721 1658 nominibus,
745 1582 781 1654 &
804 1582 972 1654 moribus:
1000 1585 1135 1675 quidam

222 1676 315 1755 sunt,
342 1678 378 1750 δι
405 1679 446 1747 ad
470 1697 614 1749 mortem
639 1677 843 1767 paratiflimi,
868 1680 967 1753 Getae
999 1682 1134 1771 utique:

208 1775 288 1844 racia
313 1775 427 1862 opinio
457 1774 594 1866 perficit.
645 1774 712 1843 Alii
738 1778 896 1863 redituras
922 1792 1036 1867 putant
1059 1779 1135 1847 ani-

224 1868 435 1960 obeuntium:
460 1872 529 1944 Alii
548 1869 606 1942 etsi
621 1893 688 1941 non
711 1874 870 1955 redeant,
891 1895 958 1943 non
982 1867 1135 1967 extingui

208 1989 268 2047 en,
287 1966 341 2038 sed
364 1970 404 2039 ad
426 1969 573 2040 beatiora
594 1966 735 2040 transire
763 1969 830 2040 Alii
855 1969 960 2040 emori
977 1968 1136 2062 quidem,

217 2063 250 2131 id
276 2064 513 2144 monsone,
540 2090 640 2158 quam
666 2068 789 2138 vivere.
810 2144 812 2147 ,
834 2067 953 2158 Itaque
980 2068 1137 2160 lugentur
1222 2146 1226 2151 ,

209 2161 220 2228 i
244 2159 402 2253 quosdam
427 2165 621 2254 puerperia,
642 2164 774 2256 natique
798 2163 978 2235 deflentur:
1005 2160 1136 2238 Funera

212 2255 247 2326 rii
273 2258 352 2330 festa
383 2258 484 2343 sunt,
508 2261 544 2333 δὲ
569 2261 672 2333 veluti
697 2258 808 2340 sacra,
842 2280 938 2352 cantu
959 2304 973 2339 ‚
998 2259 1144 2356 lusuque·
1212 2308 1215 2315 ·

209 2351 348 2427 brantur.
385 2359 443 2429 Ne
462 2356 613 2429 foeminis
633 2356 769 2451 quidem
794 2356 901 2452 segnis
921 2356 967 2429 est
986 2360 1136 2444 animus,
1211 2430 1213 2435 .

209 2475 229 2522 *r
252 2471 466 2529 mortuorum
492 2456 642 2526 virorum
663 2477 804 2546 corpora
831 2454 994 2536 interfici,
1020 2454 1134 2526 fimul-

225 2548 380 2640 sepeliri,
406 2572 526 2623 votum
553 2549 717 2623 eximium
741 2549 941 2624 habente&
964 2551 1039 2646 quia
1061 2553 1136 2644 piu·

215 2644 310 2716 simul
333 2646 467 2743 singulis
496 2666 609 2740 nuptae
634 2643 733 2730 sunt,
760 2648 853 2740 cujus
877 2650 911 2717 id
945 2646 980 2717 fit
1006 2651 1135 2730 decus,

209 2744 219 2811 i
245 2742 449 2837 judicaturos
479 2768 603 2840 magno
626 2747 807 2817 cecra'nn'ne
833 2741 1001 2817 affediant:
1030 2747 1162 2829 mori«.

211 2841 329 2922 datur,
351 2841 468 2934 estque
487 2838 631 2913 masline
651 2840 787 2923 latium,
809 2867 888 2915 cum
909 2844 943 2912 in
963 2840 1029 2913 hoc
1054 2846 1136 2916 con-³

211 2938 302 3018 itur,
327 2938 472 3012 vincere.
520 2939 674 3011 Moerent
694 2940 770 3010 'a'liae
795 2940 962 3017 vocibus,
989 2938 1026 3012 ὅ(
1053 2964 1134 3014 cum

208 3031 342 3107 bissimis
361 3033 543 3128 plandibus
567 3034 716 3108 efferunt.
754 3037 801 3106 At
827 3038 947 3130 quibus
972 3035 1138 3126 consolari·-

211 3130 339 3202 animus
368 3131 441 3210 est,
467 3156 556 3205 arma
583 3130 728 3224 opesque
753 3135 795 3204 ad
824 3157 928 3230 rogos
956 3134 1133 3219 deferunt,

209 3225 301 3316 tique
330 3229 581 3322 (ut‘didiitant)
606 3251 683 3298 cum
711 3230 780 3301 fato
804 3227 961 3323 jacentis,
987 3229 1011 3300 si
1036 3233 1161 3319 detur,

207 3345 325 3404 nanus,
348 3325 401 3397 vel
425 3326 574 3418 pacisci,
599 3325 653 3394 vel
678 3329 876 3408 decernere,
899 3327 1048 3405 ubinec'
1069 3355 1133 3421 pu·

217 3463 230 3502 ,
258 3443 319 3491 nec
344 3423 496 3513 pecunia
519 3421 612 3495 locus
635 3418 695 3500 sit,
715 3420 1028 3503 moerendominus
1052 3449 1131 3520 pro·

231 3521 398 3609 Nupturae
424 3521 571 3616 virgines
600 3541 668 3589 non
698 3521 933 3617 apparentibus
962 3520 1041 3592 viris
1067 3538 1135 3611 tra-¹

206 3632 274 3697 tur,
302 3611 358 3686 sed
378 3615 510 3707 publice
536 3630 592 3689 aut
614 3614 764 3689 locantur
785 3618 968 3701 ducendae,
997 3622 1053 3688 aut
1072 3626 1130 3690 va·'

206 3729 243 3784 rt.
288 3711 409 3784 Utrum
435 3715 558 3787 finces
579 3708 690 3803 specie
714 3712 752 3788 &
779 3715 929 3788 moribus
954 3711 1130 3788 causaest.

206 3834 249 3882 πω
277 3807 498 3905 formosaque
522 3813 556 3882 in
580 3809 694 3900 precio
718 3809 808 3889 sunt-z
831 3829 963 3884 caeteras
987 3812 1045 3906 qui
1071 3810 1135 3885 ha·

206 3925 257 3988 it,
283 3910 439 3979 mercede
465 3925 667 4003 quaeruntur.
714 3910 798 3984 Vini
828 3909 903 3983 usus
932 3905 1138 4002 quibusdam<¹

206 4022 265 4077 »tus
285 4002 350 4074 est:
375 4005 579 4100 epulantibus
599 4023 711 4078 tamen
732 4005 795 4082 ubi
810 4004 907 4101 super
928 4006 1032 4102 ignes
1052 4029 1149 4096 nuos

196 4101 369 4183 insident,
394 4108 556 4204 quaedam
584 4103 716 4190 semina
744 4106 885 4212 ingei'io
906 4102 1022 4188 ima
1048 4097 1212 4262 iffi,
