2859 4709
316 450 370 504 on
394 447 505 507 stru
530 433 690 506 Onnrs.
729 431 866 505 Liuii.
888 436 973 508 C.6.
1006 388 1015 413 χ
1091 437 1164 532 569'

211 549 310 624 initio
326 554 489 637 diximus,
503 556 668 629 columna
680 552 840 627 Herculis
856 552 967 649 Abyta
980 550 1017 626 &
1032 557 1159 651 Calpe:

206 673 300 742 arque
322 654 479 747 quidem,
499 652 555 725 sed
577 653 683 745 Calpe
702 651 837 744 tnagis,
857 650 893 726 &
913 647 999 742 peni
1016 670 1103 724 torus
1124 660 1163 728 itt

207 771 253 819 tre
274 749 475 838 prominens.
503 751 535 821 is
553 751 679 822 mirum
701 749 734 818 in
756 749 898 820 modum
916 772 1099 833 concavus,
1117 750 1163 843 ab,

231 860 323 936 parte
354 871 419 940 qua
450 845 572 938 spediat
606 844 785 928 occasum,
808 845 957 916 medium
982 841 1050 917 feri:
1078 847 1160 924 larus

207 944 287 1024 erit,
313 959 412 1037 atque
427 943 504 1015 inde
524 943 682 1038 egreffis,
697 961 786 1015 totus
806 942 990 1013 admodum
1006 945 1158 1033 pervius,

208 1062 264 1130 >pe
285 1061 443 1132 quantum
465 1058 553 1133 patet
578 1038 693 1133 specus
714 1039 779 1119 est,
803 1038 888 1112 finus
911 1036 995 1110 ultra
1023 1039 1097 1120 eii,
1122 1041 1157 1111 in
1185 1078 1190 1103 t

208 1160 267 1227 que
291 1136 444 1210 Cartheia
468 1141 527 1231 (ut
552 1140 685 1230 quidam
708 1137 851 1230 putant)
871 1135 1044 1226 aliquando
1071 1137 1158 1208 Tat-

209 1228 253 1304 ios
267 1277 278 1316 ,
292 1233 337 1311 ,&
364 1260 462 1330 quam
477 1236 657 1314 ,transvedii
680 1259 725 1308 ex
749 1233 864 1305 Africa
890 1231 1067 1304 Phoenices
1095 1232 1158 1304 ha-

209 1347 277 1400 nnt:
307 1327 405 1423 atque
434 1333 524 1404 unde
549 1331 746 1402 nos‘sumus
769 1353 811 1401 ex
837 1350 940 1424 gente
967 1354 1017 1402 ea.
1058 1331 1158 1402 Tum

209 1426 330 1511 eiiatia,
354 1427 390 1500 &
416 1427 532 1508 Bello,
557 1425 699 1518 Bestppo
721 1424 825 1520 usque
848 1429 889 1497 ad
913 1425 1054 1509 Junonis'
1075 1451 1157 1519 pro·

209 1525 365 1594 sutorium
388 1545 482 1593 oram
504 1522 578 1594 freti
601 1541 775 1616 occupant.
813 1521 903 1594 Illud
924 1523 989 1616 jam
1010 1526 1042 1592 in
1067 1524 1158 1595 orci·

210 1636 289 1688 item
313 1619 349 1691 ὃς
378 1643 540 1692 oceanum
561 1620 698 1713 obliquo
724 1621 808 1716 jugo
832 1643 1032 1702 excurrens,
1057 1637 1155 1712 atque

213 1717 305 1802 quod
334 1714 367 1785 in
391 1714 506 1790 Africa
534 1716 761 1809 Ampeiuiiam
788 1715 852 1789 effe
877 1717 1064 1789 dixeramus
1091 1719 1160 1798 adq.

209 1808 312 1897 tium,
338 1837 401 1907 qua
424 1813 532 1889 nostra
551 1813 766 1901 maria-sunt,
786 1814 858 1887 finit
876 1813 1046 1904 Europen.

422 2005 718 2092 CAPUT
778 2005 897 2092 VII.
1016 2061 1018 2064 >

209 2199 631 2288 idrntrnnnnunr
677 2228 845 2287 nixis
889 2204 1111 2292 lusura.
1162 2184 1164 2190 ⁸

209 2390 236 2438 *
251 2399 340 2472 Ades
359 2395 481 2483 insula,
504 2423 577 2496 quae
597 2398 731 2491 egressis
755 2400 877 2474 fretum
902 2399 1002 2474 obvia
1026 2400 1072 2472 ett
1094 2405 1154 2474 ad-

209 2485 381 2570 Jmonet
409 2515 483 2569 ante
513 2498 652 2591 reliquas
679 2498 818 2579 dicere,
844 2496 943 2590 quam
968 2500 1003 2568 in
1037 2499 1168 2585 oceani.

209 2617 259 2666 ora
280 2615 507 2688 terrarumque
529 2594 723 2674 circuitum,
744 2612 781 2662 ur
801 2594 896 2666 initio
918 2594 1152 2687 promisimus,

211 2690 258 2761 tio
279 2693 427 2763 excedat.
468 2693 588 2766 Paucae
606 2689 679 2764 sunt
700 2688 733 2759 in
747 2691 919 2766 Moeotide
939 2690 1043 2780 (inde
1062 2696 1153 2771 enim

209 2800 283 2857 etur
304 2787 612 2860 commodiffimum
637 2786 807 2879 incipere)
836 2811 945 2881 neque
968 2811 1084 2859 omnes
1102 2806 1153 2862 ta-

208 2905 230 2954 n
256 2883 467 2958 incoluntur:
496 2909 573 2956 nam
595 2910 657 2958 nec
680 2882 799 2976 pabula
825 2884 961 2976 quidem
984 2893 1075 2978 large
1102 2886 1155 2958 fe-

208 2996 236 3051 tt.
276 2981 355 3054 Hae
380 3008 417 3055 re
441 2978 659 3056 habitantibus
685 3004 763 3053 caro
792 3005 993 3077 magnorum
1013 2980 1154 3074 piscium

207 3075 421 3163 eticcata,&
440 3078 473 3150 in
492 3082 668 3172 pulverem
692 3075 795 3171 usque
816 3078 968 3159 contusa,
980 3102 1043 3169 pro
1064 3077 1154 3151 farre

207 3192 216 3233 t
248 3174 367 3245 Paucae
392 3174 429 3251 δι
458 3176 492 3248 in
519 3179 638 3249 Ponto.
686 3175 802 3246 Leuce
827 3175 1039 3270 Borysthenis
1068 3173 1153 3248 ostio

206 3270 297 3352 reeta,
321 3295 420 3362 parva
445 3275 652 3355 admodum,
671 3269 880 3364 &quodibi
902 3270 1049 3343 Achilles
1069 3270 1147 3345 fitus

206 3407 218 3446 ,
235 3365 385 3442 Achillea
400 3371 615 3463 cognomine.
657 3369 742 3440 Non
757 3367 859 3464 longe
881 3368 1039 3440 accolitur
1053 3369 1154 3454 Aria,

205 3465 355 3536 eMarti
383 3468 504 3539 sacrata
537 3470 602 3562 (ut
631 3465 751 3540 fabulis
775 3467 937 3557 traditur)
969 3464 1044 3539 tulit
1066 3491 1152 3545 ,aves

205 3584 226 3630 n
251 3560 378 3634 summa
402 3565 494 3637 clade
520 3564 795 3644 advenientium,
820 3585 948 3654 pennas
974 3559 1063 3653 quast
1087 3565 1152 3638 tela

205 3659 338 3733 uiantes·
382 3661 449 3733 Sex
473 3659 544 3733 sunt
569 3664 655 3733 inter
675 3658 753 3732 Issri
783 3659 948 3739 ostia,‘ex
973 3657 1011 3733 iis
1039 3661 1152 3733 Peuce

207 3755 308 3829 iffima
331 3756 368 3831 ὅ(
386 3756 538 3836 maxima.
570 3755 768 3853 Thymnias
787 3755 1088 3849 Mariandynotum
1110 3755 1152 3831 fi-

205 3877 245 3928 us
265 3852 442 3947 proxima,
465 3857 584 3929 urbem
602 3856 726 3936 habet,
751 3878 816 3948 qua
842 3855 917 3947 quia
941 3851 1074 3950 Bythini
1100 3855 1151 3924 in·

204 3969 282 4034 unt,
307 3951 481 4049 Bithynida
502 3955 674 4048 appeliant.
716 3953 843 4026 Contra
862 3950 1048 4025 Thracium
1069 3950 1151 4025 Bos·

203 4074 293 4128 urum
318 4051 394 4129 due
412 4077 544 4150 parva,
572 4076 751 4152 parvoque
778 4045 939 4151 &thanus
958 4048 1073 4143 ipsine
1090 4087 1109 4127 s
1129 4050 1209 4210 {-
