2859 4709
295 440 298 447 .
329 403 384 464 oe
409 377 524 465 srr'u
551 390 714 466 Onnrn
752 394 1008 494 Limacrpt
1103 408 1178 519 54¹1

205 529 351 606 quuntur
375 515 504 589 emittit.
548 515 673 600 Circa,
698 541 826 612 angues
851 515 1025 592 nascuntur
1049 523 1176 606 immae

203 634 264 691 rs,
298 634 403 705 neque
432 614 477 686 ob
506 614 768 708 magnitudinem
794 618 937 695 modo,
975 614 1030 686 sed
1063 620 1106 690 ob
1140 622 1176 696 id

206 708 269 777 iam
303 711 501 788 mirabiles,
533 712 624 803 quod
651 710 707 783 ubi
736 712 768 780 in
799 710 931 784 alveum
959 711 1031 807 ejus
1057 713 1175 801 allus,

208 803 340 898 lemque
364 809 553 902 fugerunt,
578 824 758 902 emergunt
788 828 887 901 atque
914 807 1028 879 hiant:
1060 807 1176 902 super-

207 900 383 996 tlautesque
409 928 511 984 aves,
539 907 690 997 quamvis
716 900 780 976 alti
805 905 1039 996 &perniciter
1068 906 1177 980 seran.

209 1021 246 1078 r,
271 998 456 1072 absorbent.
501 1000 610 1072 Trans
638 1000 864 1099 Rhyndacum
894 999 941 1072 est
968 997 1176 1099 Daschylos,

232 1119 331 1187 quam
359 1096 562 1190 Colophonii
587 1099 796 1171 collocavere
815 1099 959 1195 Myrlea.
998 1099 1081 1171 Duo
1105 1099 1178 1173 sunt

209 1193 248 1260 de
269 1195 392 1265 modici
411 1194 506 1267 smus.
542 1196 636 1266 Alter
651 1194 718 1266 fine
739 1197 874 1266 nomine
894 1194 983 1271 Cion
1003 1195 1179 1282 ampleffl·

210 1310 247 1365 r,
279 1292 435 1388 Phrygiae
462 1291 549 1363 haud
576 1290 677 1384 longe
704 1294 838 1382 jacentis
862 1288 1179 1386 opportuniflimum

209 1390 388 1477 nporiunr:
427 1388 522 1457 Alter
555 1386 749 1470 Olbianos,
783 1392 816 1458 in
841 1389 1076 1481 promontorio
1109 1388 1178 1462 fert

211 1486 324 1574 eptuni
350 1485 487 1566 fanum,
512 1485 546 1553 in
574 1485 705 1576 gremio
731 1483 911 1570 Astacum,
939 1483 958 1556 ’a
989 1490 1179 1582 Megaren-

209 1603 257 1650 rus
285 1581 467 1650 conditam.
519 1580 653 1650 Deinde
684 1580 810 1673 priores
841 1601 936 1654 terra
967 1583 1089 1655 iterum
1121 1583 1179 1678 ja-¹

212 1693 271 1756 nt,
288 1677 475 1769 exiturique
491 1674 523 1745 in
546 1676 691 1749 Pontum
716 1677 828 1773 pelagi
853 1678 972 1750 canalis
993 1678 1178 1774 angustior,

209 1795 343 1862 tropum
369 1772 410 1843 ab
434 1770 511 1844 Asta
536 1772 643 1843 stadiis
668 1776 813 1868 quinque
840 1774 1041 1864 disterminat
1058 1777 1175 1850 Thra·

210 1890 241 1937 rs
270 1865 337 1963 (ut.
361 1870 486 1940 dietum
509 1868 582 1964 est)
608 1868 807 1960 Bosphorus.
854 1869 937 1963 Ipsis
961 1873 995 1942 in
1023 1872 1176 1946 saucibus

209 1965 356 2054 pidum,
377 1968 412 2034 in
434 1990 492 2037 ore
512 1967 675 2058 templum
697 1965 763 2038 est:
787 1967 902 2060 oppidi
926 1992 1052 2042 nomen
1072 1969 1176 2041 Chal·

210 2063 279 2130 don
293 2087 301 2131 :
316 2063 434 2134 auctor
448 2062 588 2135 Archias
601 2062 855 2156 Megarensium
870 2064 1032 2156 princeps.
1066 2067 1179 2161 Temg'

210 2157 216 2226 i
246 2184 370 2230 numen
398 2161 559 2250 Jupiter,
596 2163 771 2232 conditore
807 2160 935 2241 Jasone.
983 2159 1078 2234 Hinc
1107 2160 1176 2255 jam

210 2252 235 2325 7e‘
275 2259 393 2350 ingens
429 2258 557 2328 Pontus
594 2259 697 2348 aperit
721 2256 813 2347 (nili
847 2283 910 2353 qua
943 2261 1177 2352 promontoria

210 2353 273 2444 nt)
300 2355 365 2435 huc
392 2375 489 2448 atque
513 2353 618 2435 illuc,
655 2355 759 2450 longo
786 2356 944 2450 redioque
973 2357 1078 2430 limite
1105 2379 1176 2428 ex-

211 2468 303 2534 ntus,
332 2450 474 2522 sinuatus
501 2444 628 2520 caetera.
670 2451 736 2522 Sed
764 2476 827 2543 qua
855 2453 1081 2535 contrahitur,
1108 2476 1175 2547 qua

238 2546 353 2620 laevam
380 2548 416 2620 dt
442 2549 612 2617 dexteram
638 2542 807 2627 absceffit,
831 2547 987 2623 mollibus
1013 2549 1176 2643 fastigio,

211 2667 277 2712 tnec
302 2643 457 2738 angustos
479 2663 658 2736 utrumque
679 2645 819 2738 angulos
840 2643 956 2727 fatiat,
979 2646 1176 2729 inflectitur,

230 2740 373 2811 formam
402 2739 547 2834 Scythici
569 2764 687 2820 arcus,
715 2739 860 2814 maxim'e
885 2743 1070 2825 incurvus,
1094 2741 1175 2813 bre·

211 2835 268 2907 hus
293 2859 408 2916 atrox,
433 2834 632 2918 nebulosus,
654 2838 734 2908 raris
760 2837 974 2922 stationibus,
995 2863 1066 2910 non
1085 2837 1177 2910 mol·

210 2958 347 3027 ,neque
375 2932 509 3005 arenoso
534 2931 741 3010 circundatus
765 2936 898 3018 littore,
927 2936 1056 3009 vicinus
1079 2934 1177 3031 aqui·

210 3031 329 3114 nibus,
348 3028 385 3104 ἃ
411 3033 487 3124 quia
515 3055 580 3102 non
606 3028 794 3121 profundus
820 3031 887 3115 ell,
913 3030 1097 3106 fluuuosus
1121 3047 1177 3104 at-

210 3128 400 3198 refervens.
441 3126 536 3201 Olim
559 3127 786 3199 excolentium
806 3127 890 3203 savo
907 3133 1089 3203 admodum
1114 3128 1178 3196 in-'

210 3221 276 3291 rnio
309 3226 478 3310 Axenus,
508 3221 582 3315 post
613 3225 818 3297 commercio
851 3229 984 3299 aliarum
1017 3222 1176 3320 gentium

210 3317 307 3391 ollitis
333 3321 534 3418 aliquantum
552 3320 725 3402 moribus,
741 3324 846 3395 didius
868 3323 1040 3415 Euxinus:
1064 3323 1105 3392 In
1130 3344 1176 3392 eo

209 3418 318 3489 imum
337 3417 576 3511 Mariandynei
606 3418 726 3491 urbem
757 3418 930 3507 habitant,
963 3418 1004 3490 ab
1041 3417 1177 3513 Argivo

209 3532 238 3584 at
267 3513 403 3609 ferunt)
437 3514 589 3588 Hercule
620 3517 756 3600 datam,
789 3514 963 3589 Heraclaea
998 3516 1177 3587 vocitatur.

209 3613 217 3680 l
242 3613 337 3684 famae
360 3611 461 3684 fidem
485 3610 624 3703 adjecit:
651 3611 742 3705 juxta
764 3610 878 3704 specus
904 3610 950 3682 est
972 3609 1179 3690 Acherusia,
1206 3682 1213 3697 x

209 3712 215 3777 Ι
241 3712 361 3782 Manes
387 3711 442 3798 (ut
459 3706 568 3796 aiunt)
592 3709 746 3798 pervius,
770 3729 868 3805 atque
893 3707 970 3782 inde
991 3708 1179 3781 exuauum

211 3806 368 3883 erberum
381 3805 585 3878 'existimant
700 3858 703 3865 .
1211 3852 1213 3856 -

584 4066 601 4124 7
638 4056 787 4185 tima
994 4048 1224 4188 sahmi
