2859 4709
218 384 324 489 '172
464 398 1040 512 Rumossqcomctc
1167 440 1174 447 -

253 527 347 600 Tolis
370 548 460 617 amor
480 525 659 620 Daphnin,
683 528 788 622 qualit
815 550 884 596 cum
904 522 987 616 feffo
1006 526 1151 617 juvenco
1185 538 1188 543 '
1274 589 1276 591 ,

253 624 318 695 Per
342 627 487 704 nemora,
511 645 604 714 atque
628 623 711 693 oleos
734 621 902 718 quaerendo
925 623 1039 692 bucula
1062 620 1156 690 lucos

252 721 393 812 Propter
417 741 507 811 oquae
533 720 639 790 rivum
666 721 765 791 viridi
786 718 962 816 procumbit
987 717 1022 786 in
1043 715 1121 787 ulna

253 819 411 893 Perdita,
438 838 494 885 neo
510 815 595 902 serae
619 816 758 885 meminit
782 817 932 886 decedere
956 811 1062 912 nolli,

253 912 348 985 Talis
371 936 458 982 amor
483 933 608 992 tenent,
631 937 690 982 nec
702 909 748 1003 fit.
766 913 843 982 milti
870 936 947 982 curo
968 905 1100 980 mederi.

254 1010 412 1094 „Ducite
427 1009 467 1078 ab
481 1008 559 1080 urbe
572 1012 793 1086 domum2meo
807 1009 947 1079 tormina
956 1048 967 1085 ‚
976 1005 1254 1103 duciteDoplenitt

254 1108 327 1177 Hos
345 1104 421 1173 olim
441 1106 575 1176 exuvias
595 1104 674 1175 milti
693 1100 837 1198 perfidus
858 1104 913 1189 ille
933 1103 1084 1195 reliquit,
1156 1178 1159 1199 Ι
1258 1130 1261 1145 ¹

255 1203 402 1294 Pignora
427 1223 501 1270 coro
513 1201 586 1287 suit
612 1224 682 1292 quae
702 1224 785 1271 nunc
807 1224 868 1296 ego
894 1200 1001 1270 limine
1029 1197 1152 1292 inipso

254 1297 361 1369 Terra
381 1296 439 1366 tibi
462 1296 596 1367 mando:
613 1297 726 1368 debent
752 1298 821 1368 luec'
834 1298 976 1391 pignora
987 1296 1156 1389 Daphnin.
1227 1301 1235 1309 '

254 1434 278 1472 „
293 1392 412 1461 Ducite
426 1392 466 1461 ab
482 1394 559 1464 urbe
573 1392 709 1473 domum,
718 1418 788 1464 meo
802 1395 955 1472 carmina,
969 1395 1077 1463 ducite
1087 1388 1252 1485 Daphnin.

255 1492 327 1561 Hos
347 1489 482 1567 herlus,
505 1513 600 1589 atque
619 1490 687 1560 haec
704 1493 816 1563 Ponto
835 1489 913 1558 milti
933 1488 1016 1558 lello
1040 1498 1164 1560 venena

252 1585 324 1678 Ipse
348 1585 439 1656 dedit
461 1588 592 1658 Moris:
618 1588 789 1674 noscuntur
803 1586 947 1680 plurimu
971 1589 1086 1658 Ponto.

255 1684 322 1753 His
348 1703 409 1774 ego
429 1680 517 1776 saepe
544 1683 652 1778 lupum
666 1682 765 1772 fieri,
791 1683 832 1758 (ἵ
849 1681 888 1771 se
906 1684 1049 1753 ¹condere
1064 1679 1161 1774 filuis

255 1778 399 1856 Moerin,
414 1778 501 1872 saepe
524 1780 643 1849 animos
667 1781 740 1852 imit
766 1780 854 1849 tnire
870 1778 1063 1874 sepulchris.

255 1879 366 1968 Atque
385 1873 475 1960 fotos
498 1877 563 1946 olio
590 1873 659 1946 uidi
682 1874 851 1946 traducere
877 1873 992 1968 meffes.

251 2011 278 2049 ³,
291 1974 412 2042 Ducite
426 1970 552 2043 obterit
563 1974 712 2048 domum,
725 1995 794 2041 men
807 1969 1253 2067 cormino‚duciteDoplmin.

253 2068 316 2137 Fer
337 2071 479 2150 cineres,
501 2067 669 2137 Amorulli
680 2110 699 2160 ,Ι
709 2067 833 2158 foros,¹
847 2070 979 2163 rivoque
989 2068 1135 2162 fluenti,

254 2163 420 2256 Tronsque
442 2184 535 2259 toput
549 2163 648 2274 jope,
663 2188 720 2234 nec
740 2164 936 2257 respexeris:
954 2164 1002 2233 lu's
1020 2185 1079 2257 ego
1097 2166 1253 2261 Daphnin

252 2259 461 2354 Aggredior:
483 2259 563 2328 nihil
585 2257 640 2329 elle
664 2259 761 2341 deos,
789 2261 837 2330 nil
862 2260 1000 2330 tormina
1026 2275 1147 2331 cettot.³

254 2392 280 2432 υ
293 2356 412 2426 Ducite
427 2353 466 2423 ol>
478 2354 556 2423 urbe
568 2357 695 2428 domum
704 2399 715 2435 2
725 2380 795 2428 mea
809 2357 968 2435 earmina,
978 2355 1080 2427 ducite
1088 2359 1255 2454 Dopltnt'n.

253 2452 391 2548 Aspice:
419 2450 575 2544 corripuit
601 2454 747 2526 'tremulis
771 2452 889 2525 ultorio
900 2453 1058 2548 flammis.

252 2548 374 2639 Sponte
390 2545 479 2633 sua,
499 2549 573 2617 dum
584 2545 685 2638 ferre,
703 2574 828 2627 moror,
851 2548 931 2619 cinis
953 2546 1034 2642 ipse:
1056 2546 1173 2617 bonurn
1183 2548 1236 2642 fit.

251 2644 371 2729 Nescio
394 2645 463 2736 quis
489 2663 574 2713 certe
596 2638 662 2737 est:
692 2645 732 2719 (7
759 2645 875 2716 Hulon
902 2647 935 2712 in
963 2641 1069 2714 limine
1093 2645 1206 2718 lotrot.

252 2736 447 2810 Credimus?
473 2740 590 2833 unqui
612 2761 737 2830 omont,
760 2738 817 2834 ipfi
833 2739 892 2832 fibi
907 2740 1031 2826 somniet
1048 2739 1209 2828 fingunt?

254 2832 407 2912 Parcite,
420 2834 459 2903 ob
471 2834 549 2906 urbe
562 2836 751 2933 venit‚q'om
762 2840 903 2937 parciteq
915 2839 1056 2908 tormina
1065 2877 1076 2914 ‚
1086 2839 1256 2934 Daphnin.

408 2982 410 2987 ’
524 3010 984 3090 ECLOGAIX

469 3159 757 3246 Locutus,
806 3166 1033 3237 Morus.

247 3321 352 3416 ‚QUO
375 3346 405 3395 te
427 3327 526 3398 Mori
547 3323 667 3421 pedes?
695 3353 738 3400 on
760 3352 822 3423 quo
848 3328 905 3399 vio
929 3328 1018 3399 ducit
1041 3325 1076 3396 in
1099 3324 1232 3397 urbemi

248 3422 339 3492 Moe.
366 3424 398 3495 O
424 3422 573 3502 Lucida,
599 3421 671 3493 uiui
696 3426 921 3519 pervenimus,
948 3426 1076 3494 advena
1101 3418 1220 3515 nostri,

246 3516 348 3605 Quod
370 3541 531 3611 nunquam
555 3518 653 3589 veriti
672 3522 809 3609 sumus,
834 3544 870 3593 ut
895 3517 1039 3614 poffeffitr
1068 3519 1169 3614 agelli

246 3615 403 3686 Diceret:
430 3615 496 3687 lraec
524 3639 593 3685 men
608 3614 711 3700 sunt:
737 3638 863 3691 veteres
892 3621 1029 3710 migrate
1052 3615 1167 3685 coloni.

244 3709 346 3782 Nunc
366 3709 467 3807 vieti,
489 3707 792 3806 tristest'quoniom
810 3716 889 3804 sors
913 3713 1016 3782 omnio
1041 3710 1166 3796 versut,

245 3803 414 3886 Hostili,
439 3812 526 3902 quod
552 3830 609 3879 nec
635 3809 713 3903 bene
738 3832 869 3892 uertat,
895 3808 1049 3880 mittimus
1071 3809 1186 3879 leodos.

243 3896 309 3967 Lu.
338 3901 431 3972 Certe
457 3905 600 3996 equidem
619 3910 810 3983 audieram,
836 3901 950 4000 quise
964 3903 1143 3990 subducere
1161 3903 1257 3977 colles

237 3995 425 4092 Deripiunt,
453 3999 600 4098 mollique
616 4003 735 4100 jugum
756 4001 928 4078 demittere
950 3999 1058 4088 clivo,
1150 4095 1202 4186 Ψ

271 4123 275 4129 ·
1196 4117 1254 4193 que
