2859 4709
563 459 631 515 tn
679 440 699 514 I
726 461 852 517 arn.
1131 459 1204 545 ¹201

303 570 433 662 Emptis
459 565 598 653 adhoc,
627 569 733 643 lussris
765 570 849 641 mihi
883 569 949 664 jam
979 566 1030 642 bis
1058 569 1204 666 quinque

326 667 493 759 petablis,

256 764 372 835 Omne
401 761 465 832 fuit
488 760 596 834 Musae
623 785 755 835 carmen
780 765 907 834 inerme
931 788 1026 836 mear.

202 854 378 953 Nullaque
404 883 480 949 que
509 859 606 948 poffrt
632 859 757 950 scriptis
781 878 831 931 tot
858 858 1004 932 millibus
1031 875 1121 932 extat

257 958 382 1030 Littera
406 954 548 1026 Nasonis
573 954 819 1050 sanguinolenta
841 958 919 1050 legi.

203 1051 286 1122 Nec
314 1075 501 1145 quenquam
526 1051 644 1132 nostri,
671 1052 728 1123 nifi
752 1077 829 1132 me,
856 1051 963 1123 lesere
988 1050 1107 1131 libelli,

254 1147 402 1220 Artificis
429 1148 524 1237 periit
550 1172 627 1219 cum
651 1168 750 1240 caput
775 1168 844 1219 arte
871 1148 934 1220 sua.

201 1240 307 1316 Unus
318 1243 383 1335 ¹(lit
404 1242 470 1316 hoc
493 1243 601 1332 ipsum
624 1244 670 1315 est
691 1246 807 1335 injuria
834 1245 976 1339 magna)
999 1268 1178 1339 perennem

253 1341 417 1414 Candoris
440 1340 574 1412 titulum
598 1366 664 1413 nort
690 1340 763 1413 finit
787 1339 851 1413 elle
875 1343 953 1413 mei.
997 1386 1004 1399 ·

200 1435 363 1530 Quisquis
379 1439 408 1510 is
427 1435 473 1506 eil
491 1437 588 1530 (nam
607 1461 730 1509 nomen
749 1437 855 1511 adhuc
875 1456 1042 1533 utcunque
1061 1436 1199 1530 tacebo)

250 1532 359 1628 Cogit
388 1532 542 1604 inassueta
568 1532 695 1606 sumere
719 1536 783 1606 tela
808 1558 936 1607 manus.

197 1629 266 1702 Ille
295 1630 480 1722 relegatum
506 1629 637 1724 gelidos
666 1632 840 1723 Aquilonis
859 1635 900 1702 ad
927 1648 1017 1704 ortus

253 1725 340 1795 Non
361 1725 432 1798 finit
457 1727 556 1797 exilio
584 1725 744 1799 delituille
770 1751 861 1800 meo.

156 1896 160 1909 ,
197 1820 419 1916 Vulneraque
443 1822 579 1893 immitis
603 1825 755 1915 requiem
780 1824 958 1917 quaerentia
988 1837 1130 1915 vexat,-

250 1918 358 1997 Jattat
381 1918 418 1991 ὅ(
445 1920 479 1987 in
506 1936 577 1989 toto
603 1920 702 1991 verba
727 1923 839 1991 canina
861 1920 947 1990 foro.

200 2012 438 2107 Perpetuoque
461 2014 546 2084 milti
573 2014 725 2086 sociatam
750 2015 881 2087 foedere
908 2012 983 2083 teeti

252 2111 335 2180 Non
359 2113 477 2201 paritur
497 2108 606 2181 miseri
632 2111 748 2183 funera
774 2112 853 2182 flere
877 2111 950 2182 viri.

199 2203 359 2300 Cumque
390 2230 459 2300 ego
488 2203 595 2299 qualia
622 2233 707 2282 meae
731 2208 934 2300 completior
961 2200 1110 2280 membra
1138 2228 1195 2276 ca·

297 2327 396 2384 ΗΠΒ)

248 2398 427 2491 Naufragii
453 2397 576 2473 tabulas
600 2417 724 2497 pugnat
745 2399 866 2474 habere
889 2402 966 2472 mei.
1019 2492 1023 2499 Ι

198 2495 242 2564 Et
267 2498 323 2578 qui
350 2494 506 2569 debuerat
529 2498 646 2571 subitas
670 2499 865 2595 extinguere
887 2498 1057 2578 flammas,

246 2589 318 2661 Hic
333 2595 485 2680 ,predam
509 2596 622 2666 medio
648 2613 757 2685 raptor
780 2595 821 2667 ab
845 2599 924 2689 igne
947 2596 1038 2685 petit.

195 2683 330 2756 Nititur
356 2708 392 2756 ut
418 2691 572 2784 profugae
599 2688 701 2760 desint
725 2692 878 2763 alimenta
905 2687 1060 2765 senecta,

245 2780 332 2852 Heu
359 2785 479 2874 quantb
502 2785 549 2856 est
578 2785 692 2857 nostris
720 2791 858 2882 dignior·
879 2787 932 2856 ille
958 2786 1061 2856 malis.

192 2874 257 2947 Dii
280 2876 420 2956 melius,
447 2905 589 2973 quorum
613 2881 712 2979 longb
733 2887 816 2955 mihi
840 2883 1004 2954 maximus
1026 2884 1081 2952 ille
1104 2876 1169 2965 est,

208 3000 219 3015 ³
246 2974 319 3061 Qui
344 2972 463 3048 nostras
488 2980 606 3071 inopes
629 2983 735 3052 noluit
758 2980 821 3052 esse
845 2981 924 3051 vias.

194 3067 291 3140 Huic
316 3071 420 3165 igitur
443 3075 573 3146 meritas
598 3097 726 3170 grates,
754 3098 920 3169 utcunque
943 3073 1076 3153 licebit,

243 3167 311 3235 Pro
339 3188 405 3237 tam
425 3168 596 3242 mansueto
619 3177 754 3258 pertore
777 3173 906 3262 semper
929 3195 1035 3265 egam.
1164 3252 1166 3256 v

196 3262 320 3331 Audiet
344 3261 414 3336 ltaec
442 3267 585 3346 Pontus,
609 3265 706 3339 faciet
732 3293 866 3362 quoque
889 3267 1023 3339 forsitan
1046 3264 1157 3338 idem,

242 3357 351 3429 Terra
374 3358 413 3430 fir
435 3381 472 3431 ut
496 3367 607 3452 potior
628 3364 827 3454 testificanda
853 3365 946 3435 mihi.

200 3453 241 3523 At
267 3452 352 3535 tibi,
382 3456 507 3529 calcasti
531 3461 587 3553 qui
608 3484 663 3530 me
685 3462 830 3531 violente
852 3459 1035 3554 jacentem,

240 3549 354 3640 Quam
380 3550 477 3634 licet,
502 3555 538 3629 ὅ(
565 3555 685 3626 misero
707 3555 837 3629 debitus
861 3556 962 3628 hostis
986 3578 1056 3625 ero.

201 3641 329 3716 Desmet
355 3645 418 3716 elle
443 3649 533 3742 prius
554 3651 734 3722 contrarius
755 3650 890 3747 ignibus
911 3650 1053 3729 humor,

241 3739 425 3835 Junblaque
452 3770 530 3818 cum
553 3745 648 3819 Luna
669 3747 792 3819 lumina
811 3748 897 3820 Solis
915 3762 1033 3818 erunt:

198 3830 332 3930 Parsque
353 3843 469 3911 eadem
491 3843 571 3914 coeli
591 3843 770 3939 Zephyros
790 3842 938 3925 emittet,
952 3842 989 3915 ἃ
1009 3845 1137 3928 Euros,

233 3931 280 4006 Et
302 3935 435 4029 tepidus
457 3939 572 4033 gelido
598 3938 690 4016 flabit
713 3940 755 4016 ab
781 3961 843 4015 axe
865 3939 1001 4014 Notus:
1143 4036 1174 4107 E

1176 4051 1190 4106 t
