2859 4709
263 404 323 539 76ι
582 448 888 520 sananti

233 580 415 656 concilient.
455 585 544 657 Huic
566 586 774 658 admonitioni
793 582 955 659 Pindarus
978 599 1075 672 quum
1095 594 1227 647 attentas

234 704 327 751 aures
351 684 462 766 daret,
489 707 615 755 carmen
633 683 787 780 scripfit,
810 686 900 774 cujus
922 671 965 769 est
989 675 1141 746 initium:

281 779 436 862 {menum
459 792 519 858 ne,
543 806 584 850 an
606 781 877 851 aureis'utentern
891 771 976 866 fufis
994 773 1156 873 Metram,

241 886 247 903 '
273 879 357 951 ¹Aut
381 878 553 958 Cadmum,
575 896 630 946 aut
653 879 865 970 Spanianum
882 893 986 966 genus
1011 866 1156 950 Virum,

283 976 356 1040 Aut
379 972 533 1042 Herculis
557 973 660 1040 omnia
676 973 887 1066 superantem
913 967 979 1038 uim
1002 962 1143 1035 canam?

236 1060 338 1154 Quod
366 1091 490 1137 carmen
522 1093 616 1158 quum
642 1070 804 1139 Corinnae·
824 1057 1036 1158 ostendtffit:
1066 1058 1178 1130 ridens
1204 1080 1235 1128 ea

238 1164 338 1233 dixit.
364 1167 407 1232 ri
418 1166 495 1255 χοιςὶ
511 1168 565 1246 diei
587 1169 721 1257 sulthen,
737 1160 825 1234 dmi
836 1165 888 1245 'pu'i
904 1162 961 1247 inu
980 1155 1115 1246 θνλᾶκφ,
1129 1157 1162 1226 id
1176 1151 1236 1236 est,

238 1258 346 1329 Manu
366 1260 475 1344 serere
506 1282 652 1357 oportet,
685 1286 750 1335 nan
774 1282 839 1331 toto
861 1258 983 1347 sacco,
1012 1259 1069 1328 uel
1098 1251 1238 1350 coniflm.

241 1350 333 1425 Vide
355 1355 462 1450 Adug.
496 1357 797 1443 Manusrrrndum.
834 1365 865 1444 J

285 1449 327 1533 tl.
345 1452 421 1544 566.
447 1454 507 1523 Ille
538 1456 780 1548 Agathoclea.)
817 1448 1024 1547 Agathocles
1055 1450 1116 1540 (ut
1144 1445 1239 1520 disces

239 1564 283 1612 ex
309 1549 453 1634 quodam
476 1552 601 1624 Gracco
618 1553 857 1644 epigrammate
877 1550 969 1641 quod
991 1548 1156 1637 operibus
1174 1543 1241 1615 Piu-

240 1641 309 1710 dari
326 1644 535 1738 prufigitur)
559 1645 592 1715 in
612 1647 761 1741 Lysiris,
779 1646 815 1720 dt
832 1643 962 1721 Musica
988 1641 1152 1738 magister
1168 1641 1241 1712 Pin·

241 1738 309 1809 dari
332 1737 405 1813 fuit.
448 1743 560 1814 Multa
584 1743 708 1836 scripsit
723 1744 880 1816 Pindarus
902 1741 967 1832 (ut
989 1740 1096 1811 disces
1112 1763 1160 1811 ex
1172 1736 1241 1808 Ho-

242 1833 313 1902 ratii
338 1841 401 1908 odo
425 1862 498 1930 quae
527 1839 667 1930 incipit,
691 1843 872 1912 Pindarum
892 1835 1054 1933 quisquis,
1077 1835 1139 1907 sed
1164 1853 1240 1906 nuuc

242 1949 383 2018 quatuor
407 1953 532 2004 tantum
558 1956 668 2007 extant
692 1937 888 2014 certamina,
911 1933 1097 2030 Olympia:
1113 1929 1239 2027 Pythia:
1271 1932 1273 1941 '

243 2026 428 2100 Nemeaea:
455 2031 603 2102 Isthmia.

295 2125 373 2219 569.
398 2130 599 2223 Lunigenam
627 2128 763 2199 mentita
786 2122 927 2218 feram.)
960 2125 1130 2216 Interpres
1151 2113 1239 2189 Arati

244 2214 362 2290 scribit.
397 2225 600 2295 Nemeaeum
621 2224 776 2300 Leonem
796 2220 922 2295 aLuna
942 2234 1154 2315 conceptum·
1182 2215 1236 2286 Se·

244 2336 323 2384 neca
349 2319 383 2386 in
410 2320 533 2392 Hercu.
560 2324 677 2392 Furta.
761 2346 764 2352 ·
815 2351 825 2364 ··
870 2348 878 2355 ·
914 2356 916 2361 v
1038 2340 1067 2383 ι·

294 2413 451 2487 Sublimes
477 2416 559 2486 aliar
586 2418 680 2490 Luna
706 2415 864 2511 concipiat
882 2414 988 2508 feras.

247 2507 340 2584 Viae
365 2512 508 2596 Macen
535 2514 631 2583 torn.
648 2532 701 2605 η.

294 2604 378 2679 Tum
404 2611 534 2681 numina
562 2607 712 2699 divum.)
746 2604 878 2698 Scripfit
903 2609 1042 2679 Paianar
1069 2601 1242 2677 Encomia:

247 2702 443 2796 Epitaphia:
468 2706 505 2780 &
526 2705 695 2777 Thronos.
712 2705 735 2785 i
752 2703 880 2774 flebiles
903 2727 1026 2776 cantus.
1070 2701 1159 2773 Haec
1175 2698 1246 2770 Ho-

247 2798 350 2870 ratius
378 2803 486 2877 inilia
510 2805 584 2874 oda.
602 2799 639 2876 &
659 2799 794 2895 Suidas:
820 2808 895 2894 quoa
920 2798 1103 2873 Lambinus
1125 2793 1247 2875 turbat.

248 2895 439 2972 autminus
466 2899 617 2970 advertit.
731 2966 736 2973 ,
1003 2948 1006 2953 -

300 3010 379 3084 572.
404 2995 562 3090 Frugibus
582 2996 697 3088 hruec.)
721 2989 857 3066 Pausan.
880 2991 916 3063 in
937 2998 1035 3066 Boeor.
1058 2988 1175 3083 Quum
1195 2991 1250 3063 ita·

190 3132 194 3160 t
250 3113 310 3182 que
329 3086 423 3178 fama
456 3110 514 3183 per
547 3113 645 3164 toturn
679 3093 840 3166 Graeciarn
874 3091 1111 3172 celebraretur,
1143 3088 1251 3183 niujori

246 3185 357 3278 gloria
381 3187 517 3286 Pythias
543 3212 613 3261 eum
638 3189 766 3273 euertit,
793 3188 969 3260 mandans:
996 3209 1031 3258 ur
1054 3183 1250 3282 quascunque

249 3282 392 3376 Delphis
415 3284 569 3377 Apollini
589 3285 765 3375 primitias·
778 3277 953 3377 efferrent,
974 3307 1101 3380 aequarn
1124 3307 1168 3354 etr
1194 3305 1252 3353 onte

249 3379 718 3475 uibus'porrianem'l’r'ndaro
745 3378 960 3472 largirentur.
1086 3394 1088 3399 '

257 3542 263 3553 .
299 3494 377 3569 574·
400 3478 552 3572 Panaque
576 3473 748 3571 pastores.)
776 3474 923 3561 Copiose
948 3474 1014 3546 hoc
1044 3474 1253 3549 Philostratus

249 3565 282 3637 in
308 3572 399 3643 icone
431 3575 553 3647 Panos.
596 3573 758 3647 Pindarus
789 3567 855 3666 ipse
882 3571 943 3643 aaa
967 3593 999 3664 3.
1051 3575 1154 3672 Pyra.
1185 3571 1255 3644 dicit

248 3668 410 3761 templum
438 3672 543 3745 Panos
570 3669 688 3747 domui
712 3669 779 3742 suae
805 3670 1000 3760 proximum
1032 3667 1160 3751 futile,
1187 3665 1255 3742 &i

247 3758 280 3828 sc
297 3766 542 3837 Panamaxime
568 3765 706 3840 cultum.
732 3765 824 3840 Vide
848 3765 894 3836 ibi
920 3767 1151 3860 interpretem.
1179 3764 1255 3838 Hoc

248 3858 348 3931 ctiam
365 3862 405 3939 e'u
430 3864 498 3935 uita
515 3865 635 3936 Numa
658 3879 767 3934 narrat
784 3861 993 3933 Plutarchus.
1035 3862 1140 3953 Idem
1166 3861 1255 3932 testu·

247 3970 302 4031 tur
332 3959 494 4050 Antipatri
522 3960 646 4055 epigra.
676 3956 733 4029 lib.
755 3977 790 4049 4.
832 3959 1013 4055 Florilegii.
1064 3957 1255 4031 Plutarchus

246 4070 328 4128 uero
346 4052 382 4135 iu
404 4057 458 4151 ut.
478 4053 518 4131 de
538 4053 884 4161 Epicuri-strumum
900 4058 993 4153 Nou
1007 4052 1190 4219 pastorcsss.
1206 4051 1259 4123 sed

271 4222 276 4229 .
347 4208 356 4235 ,-
1129 4175 1165 4248 tp
1184 4171 1258 4227 uuae
