<?xml version="1.0" encoding="UTF-8"?>
<!DOCTYPE html PUBLIC "-//W3C//DTD XHTML 1.0 Transitional//EN"
    "http://www.w3.org/TR/xhtml1/DTD/xhtml1-transitional.dtd">
<html xmlns="http://www.w3.org/1999/xhtml" xml:lang="en" lang="en">
 <head>
  <title>
</title>
<meta http-equiv="Content-Type" content="text/html;charset=utf-8" />
  <meta name='ocr-system' content='tesseract 3.04.00' />
  <meta name='ocr-capabilities' content='ocr_page ocr_carea ocr_par ocr_line ocrx_word'/>
</head>
<body>
  <div class='ocr_page' id='page_1' title='image "./operaomniaunacu00siscgoog/operaomniaunacu00siscgoog_0458.png"; bbox 0 0 2859 4709; ppageno 0'>
   <div class='ocr_carea' id='block_1_1' title="bbox 436 433 1185 532">
    <p class='ocr_par' dir='ltr' id='par_1_1' title="bbox 436 433 1185 532">
     <span class='ocr_line' id='line_1_1' title="bbox 436 433 1185 532; baseline 0.005 -26"><span class='ocrx_word' id='word_1_1' title='bbox 436 452 502 508; x_wconf 82' lang='lat' dir='ltr'>sn</span> <span class='ocrx_word' id='word_1_2' title='bbox 549 433 933 512; x_wconf 73' lang='lat' dir='ltr'>Nurnrcrn</span> <span class='ocrx_word' id='word_1_3' title='bbox 1113 447 1185 532; x_wconf 78' lang='lat'>&#39;453</span> 
     </span>
    </p>
   </div>
   <div class='ocr_carea' id='block_1_2' title="bbox 187 555 1244 4229">
    <p class='ocr_par' dir='ltr' id='par_1_2' title="bbox 187 555 1216 730">
     <span class='ocr_line' id='line_1_2' title="bbox 187 555 1216 652; baseline 0.006 -24"><span class='ocrx_word' id='word_1_4' title='bbox 187 580 234 635; x_wconf 82' lang='lat' dir='ltr'>res</span> <span class='ocrx_word' id='word_1_5' title='bbox 258 557 411 632; x_wconf 90' lang='lat' dir='ltr'>convitiis</span> <span class='ocrx_word' id='word_1_6' title='bbox 437 555 634 652; x_wconf 83' lang='lat' dir='ltr'>aspergeret.</span> <span class='ocrx_word' id='word_1_7' title='bbox 689 565 747 635; x_wconf 94' lang='lat' dir='ltr'>De</span> <span class='ocrx_word' id='word_1_8' title='bbox 774 557 840 630; x_wconf 90' lang='lat' dir='ltr'>hoc</span> <span class='ocrx_word' id='word_1_9' title='bbox 864 557 977 631; x_wconf 83' lang='lat' dir='ltr'>nostro</span> <span class='ocrx_word' id='word_1_10' title='bbox 1002 558 1084 632; x_wconf 82' lang='lat' dir='ltr'>dixit</span> <span class='ocrx_word' id='word_1_11' title='bbox 1113 562 1216 643; x_wconf 47' lang='lat' dir='ltr'>Cae.</span> 
     </span>
     <span class='ocr_line' id='line_1_3' title="bbox 187 656 902 730; baseline -0.008 0"><span class='ocrx_word' id='word_1_12' title='bbox 187 656 307 730; x_wconf 86' lang='lat' dir='ltr'>lullus:</span> <span class='ocrx_word' id='word_1_13' title='bbox 431 683 432 686; x_wconf 44' lang='lat'>¹</span> <span class='ocrx_word' id='word_1_14' title='bbox 900 678 902 686; x_wconf 64' lang='lat'><strong>¹</strong></span> 
     </span>
    </p>

    <p class='ocr_par' dir='ltr' id='par_1_3' title="bbox 187 751 1205 1695">
     <span class='ocr_line' id='line_1_4' title="bbox 232 751 1131 849; baseline -0.001 -27"><span class='ocrx_word' id='word_1_15' title='bbox 232 757 282 822; x_wconf 86' lang='lat' dir='ltr'>At</span> <span class='ocrx_word' id='word_1_16' title='bbox 307 751 446 849; x_wconf 79' lang='lat' dir='ltr'>papulus</span> <span class='ocrx_word' id='word_1_17' title='bbox 470 753 591 824; x_wconf 87' lang='lat' dir='ltr'>tumido</span> <span class='ocrx_word' id='word_1_18' title='bbox 617 754 762 847; x_wconf 84' lang='lat' dir='ltr'>gaudeat</span> <span class='ocrx_word' id='word_1_19' title='bbox 790 752 1013 835; x_wconf 78' lang='lat' dir='ltr'><strong><em>Antimacho,</em></strong></span> <span class='ocrx_word' id='word_1_20' title='bbox 1129 832 1131 836; x_wconf 11' lang='grc' dir='ltr'><em>Α</em></span> 
     </span>
     <span class='ocr_line' id='line_1_5' title="bbox 187 845 1200 940; baseline -0.001 -17"><span class='ocrx_word' id='word_1_21' title='bbox 187 846 315 940; x_wconf 81' lang='lat' dir='ltr'>Scripstt</span> <span class='ocrx_word' id='word_1_22' title='bbox 340 849 527 929; x_wconf 85' lang='lat' dir='ltr'>Thebaida,</span> <span class='ocrx_word' id='word_1_23' title='bbox 555 847 694 919; x_wconf 81' lang='lat' dir='ltr'>isadeb</span> <span class='ocrx_word' id='word_1_24' title='bbox 720 848 878 925; x_wconf 88' lang='lat' dir='ltr'>verbosus</span> <span class='ocrx_word' id='word_1_25' title='bbox 904 845 998 917; x_wconf 85' lang='lat' dir='ltr'>fuisse</span> <span class='ocrx_word' id='word_1_26' title='bbox 1030 850 1200 934; x_wconf 85' lang='lat' dir='ltr'>traditur,&#39;&#39;</span> 
     </span>
     <span class='ocr_line' id='line_1_6' title="bbox 187 941 1185 1045; baseline -0.001 -26"><span class='ocrx_word' id='word_1_27' title='bbox 187 964 221 1019; x_wconf 80' lang='lat' dir='ltr'>ttt</span> <span class='ocrx_word' id='word_1_28' title='bbox 246 964 422 1038; x_wconf 87' lang='lat' dir='ltr'>antequam</span> <span class='ocrx_word' id='word_1_29' title='bbox 444 943 567 1038; x_wconf 84' lang='lat' dir='ltr'>septem</span> <span class='ocrx_word' id='word_1_30' title='bbox 588 946 704 1017; x_wconf 81' lang='lat' dir='ltr'>Duces</span> <span class='ocrx_word' id='word_1_31' title='bbox 725 942 862 1016; x_wconf 81' lang='lat' dir='ltr'>circum</span> <span class='ocrx_word' id='word_1_32' title='bbox 876 941 1039 1015; x_wconf 89' lang='lat' dir='ltr'>Thebana</span> <span class='ocrx_word' id='word_1_33' title='bbox 1059 949 1185 1045; x_wconf 80' lang='lat' dir='ltr'>moenia</span> 
     </span>
     <span class='ocr_line' id='line_1_7' title="bbox 188 1040 1185 1138; baseline 0 -25"><span class='ocrx_word' id='word_1_34' title='bbox 188 1043 331 1114; x_wconf 75' lang='lat' dir='ltr'>duceret.</span> <span class='ocrx_word' id='word_1_35' title='bbox 345 1065 404 1135; x_wconf 75' lang='lat'>24.</span> <span class='ocrx_word' id='word_1_36' title='bbox 432 1040 533 1114; x_wconf 92' lang='lat' dir='ltr'>libros</span> <span class='ocrx_word' id='word_1_37' title='bbox 558 1040 746 1133; x_wconf 81' lang='lat' dir='ltr'>scripserit,</span> <span class='ocrx_word' id='word_1_38' title='bbox 771 1042 849 1112; x_wconf 87' lang='lat' dir='ltr'>fecit</span> <span class='ocrx_word' id='word_1_39' title='bbox 873 1041 976 1111; x_wconf 90' lang='lat' dir='ltr'>multa</span> <span class='ocrx_word' id='word_1_40' title='bbox 998 1041 1059 1112; x_wconf 87' lang='lat' dir='ltr'>alia</span> <span class='ocrx_word' id='word_1_41' title='bbox 1078 1062 1185 1138; x_wconf 75' lang='lat' dir='ltr'>opera</span> 
     </span>
     <span class='ocr_line' id='line_1_8' title="bbox 189 1137 1205 1235; baseline 0.001 -26"><span class='ocrx_word' id='word_1_42' title='bbox 189 1139 268 1210; x_wconf 84' lang='lat' dir='ltr'>inter</span> <span class='ocrx_word' id='word_1_43' title='bbox 294 1163 367 1233; x_wconf 83' lang='lat' dir='ltr'>quac</span> <span class='ocrx_word' id='word_1_44' title='bbox 393 1137 596 1211; x_wconf 86' lang='lat' dir='ltr'>carmen-est</span> <span class='ocrx_word' id='word_1_45' title='bbox 622 1139 656 1208; x_wconf 89' lang='lat' dir='ltr'>in</span> <span class='ocrx_word' id='word_1_46' title='bbox 682 1139 787 1235; x_wconf 83' lang='lat' dir='ltr'>Lydae</span> <span class='ocrx_word' id='word_1_47' title='bbox 812 1137 958 1218; x_wconf 87' lang='lat' dir='ltr'>funere,</span> <span class='ocrx_word' id='word_1_48' title='bbox 985 1162 1084 1230; x_wconf 86' lang='lat' dir='ltr'>quarn</span> <span class='ocrx_word' id='word_1_49' title='bbox 1110 1162 1205 1229; x_wconf 66' lang='lat' dir='ltr'>pem·</span> 
     </span>
     <span class='ocr_line' id='line_1_9' title="bbox 190 1231 1187 1328; baseline -0.002 -20"><span class='ocrx_word' id='word_1_50' title='bbox 190 1231 253 1308; x_wconf 75' lang='lat' dir='ltr'>hitb</span> <span class='ocrx_word' id='word_1_51' title='bbox 278 1237 410 1309; x_wconf 89' lang='lat' dir='ltr'>amavit.</span> <span class='ocrx_word' id='word_1_52' title='bbox 460 1235 654 1308; x_wconf 74' lang='lat' dir='ltr'>Plutarchus</span> <span class='ocrx_word' id='word_1_53' title='bbox 681 1237 714 1304; x_wconf 90' lang='lat' dir='ltr'>in</span> <span class='ocrx_word' id='word_1_54' title='bbox 738 1234 953 1324; x_wconf 84' lang='lat' dir='ltr'>consolatione</span> <span class='ocrx_word' id='word_1_55' title='bbox 975 1234 1018 1305; x_wconf 92' lang='lat' dir='ltr'>ad</span> <span class='ocrx_word' id='word_1_56' title='bbox 1044 1237 1187 1328; x_wconf 61' lang='lat' dir='ltr'>Apollo-</span> 
     </span>
     <span class='ocr_line' id='line_1_10' title="bbox 191 1330 1187 1424; baseline -0.005 -19"><span class='ocrx_word' id='word_1_57' title='bbox 191 1333 290 1415; x_wconf 86' lang='lat' dir='ltr'>tiam,</span> <span class='ocrx_word' id='word_1_58' title='bbox 312 1331 396 1404; x_wconf 89' lang='lat' dir='ltr'>hanc</span> <span class='ocrx_word' id='word_1_59' title='bbox 416 1333 488 1424; x_wconf 87' lang='lat' dir='ltr'>ejus</span> <span class='ocrx_word' id='word_1_60' title='bbox 505 1355 647 1404; x_wconf 88' lang='lat' dir='ltr'>uxorem</span> <span class='ocrx_word' id='word_1_61' title='bbox 670 1330 767 1401; x_wconf 85' lang='lat' dir='ltr'>fuisse</span> <span class='ocrx_word' id='word_1_62' title='bbox 791 1334 949 1402; x_wconf 83' lang='lat' dir='ltr'>autumat.</span> <span class='ocrx_word' id='word_1_63' title='bbox 989 1333 1116 1403; x_wconf 79' lang='lat' dir='ltr'>Poe&#39;ma</span> <span class='ocrx_word' id='word_1_64' title='bbox 1135 1333 1187 1422; x_wconf 90' lang='lat' dir='ltr'>ip·</span> 
     </span>
     <span class='ocr_line' id='line_1_11' title="bbox 192 1422 1186 1523; baseline -0.003 -22"><span class='ocrx_word' id='word_1_65' title='bbox 192 1426 257 1501; x_wconf 89' lang='lat' dir='ltr'>surn</span> <span class='ocrx_word' id='word_1_66' title='bbox 272 1428 436 1522; x_wconf 84' lang='lat' dir='ltr'>elegiacis</span> <span class='ocrx_word' id='word_1_67' title='bbox 461 1428 686 1522; x_wconf 80' lang='lat' dir='ltr'>conscriptum</span> <span class='ocrx_word' id='word_1_68' title='bbox 710 1422 908 1501; x_wconf 83' lang='lat' dir='ltr'>carminibus</span> <span class='ocrx_word' id='word_1_69' title='bbox 932 1445 1071 1499; x_wconf 84' lang='lat' dir='ltr'>vocatur</span> <span class='ocrx_word' id='word_1_70' title='bbox 1090 1432 1186 1523; x_wconf 81' lang='lat' dir='ltr'>Lyde</span> 
     </span>
     <span class='ocr_line' id='line_1_12' title="bbox 193 1524 1186 1695; baseline 0 -99"><span class='ocrx_word' id='word_1_71' title='bbox 193 1549 222 1695; x_wconf 58' lang='grc' dir='ltr'>ὃ</span> <span class='ocrx_word' id='word_1_72' title='bbox 232 1527 367 1597; x_wconf 87' lang='lat' dir='ltr'>nomine</span> <span class='ocrx_word' id='word_1_73' title='bbox 393 1525 521 1615; x_wconf 85' lang='lat' dir='ltr'>puellae.</span> <span class='ocrx_word' id='word_1_74' title='bbox 561 1524 653 1620; x_wconf 86' lang='lat' dir='ltr'>Vide</span> <span class='ocrx_word' id='word_1_75' title='bbox 678 1524 815 1596; x_wconf 85' lang='lat' dir='ltr'>Suidam</span> <span class='ocrx_word' id='word_1_76' title='bbox 847 1525 968 1622; x_wconf 81' lang='lat' dir='ltr'>Lyde:</span> <span class='ocrx_word' id='word_1_77' title='bbox 998 1524 1076 1597; x_wconf 89' lang='lat' dir='ltr'>hinc</span> <span class='ocrx_word' id='word_1_78' title='bbox 1103 1524 1186 1600; x_wconf 89' lang='lat' dir='ltr'>illud</span> 
     </span>
    </p>

    <p class='ocr_par' dir='ltr' id='par_1_4' title="bbox 225 1623 987 1694">
     <span class='ocr_line' id='line_1_13' title="bbox 225 1623 987 1694; baseline -0.008 0"><span class='ocrx_word' id='word_1_79' title='bbox 225 1623 323 1694; x_wconf 85' lang='lat' dir='ltr'>vidii:</span> <span class='ocrx_word' id='word_1_80' title='bbox 462 1633 464 1637; x_wconf 80' lang='grc'><strong>’</strong></span> <span class='ocrx_word' id='word_1_81' title='bbox 984 1625 987 1631; x_wconf 81' lang='grc'>’</span> 
     </span>
    </p>

    <p class='ocr_par' dir='ltr' id='par_1_5' title="bbox 194 1716 1233 3257">
     <span class='ocr_line' id='line_1_14' title="bbox 234 1716 1012 1818; baseline 0.001 -27"><span class='ocrx_word' id='word_1_82' title='bbox 234 1723 308 1791; x_wconf 87' lang='lat' dir='ltr'>Nec</span> <span class='ocrx_word' id='word_1_83' title='bbox 333 1737 456 1789; x_wconf 88' lang='lat' dir='ltr'>tantam</span> <span class='ocrx_word' id='word_1_84' title='bbox 485 1717 594 1789; x_wconf 88' lang='lat' dir='ltr'>Clario</span> <span class='ocrx_word' id='word_1_85' title='bbox 622 1718 713 1818; x_wconf 76' lang='lat' dir='ltr'>Lyde</span> <span class='ocrx_word' id='word_1_86' title='bbox 740 1716 859 1790; x_wconf 76' lang='lat' dir='ltr'>dilesba</span> <span class='ocrx_word' id='word_1_87' title='bbox 883 1717 1012 1813; x_wconf 64' lang='lat' dir='ltr'>patra,</span> 
     </span>
     <span class='ocr_line' id='line_1_15' title="bbox 194 1809 1225 1914; baseline -0.001 -29"><span class='ocrx_word' id='word_1_88' title='bbox 194 1814 384 1886; x_wconf 75' lang='lat' dir='ltr'>Plutarchus</span> <span class='ocrx_word' id='word_1_89' title='bbox 410 1816 444 1882; x_wconf 93' lang='lat' dir='ltr'>in</span> <span class='ocrx_word' id='word_1_90' title='bbox 465 1814 535 1883; x_wconf 83' lang='lat' dir='ltr'>vita</span> <span class='ocrx_word' id='word_1_91' title='bbox 558 1812 720 1914; x_wconf 78' lang='lat' dir='ltr'>Lysandri</span> <span class='ocrx_word' id='word_1_92' title='bbox 745 1813 787 1884; x_wconf 88' lang='lat' dir='ltr'>stc</span> <span class='ocrx_word' id='word_1_93' title='bbox 806 1813 875 1884; x_wconf 83' lang='lat' dir='ltr'>ait:</span> <span class='ocrx_word' id='word_1_94' title='bbox 911 1816 1003 1886; x_wconf 91' lang='lat' dir='ltr'>Nam</span> <span class='ocrx_word' id='word_1_95' title='bbox 1027 1809 1186 1884; x_wconf 64' lang='lat' dir='ltr'>cam-ms</span> <span class='ocrx_word' id='word_1_96' title='bbox 1222 1842 1225 1847; x_wconf 94' lang='lat'>·</span> 
     </span>
     <span class='ocr_line' id='line_1_16' title="bbox 195 1909 1187 2006; baseline -0.003 -24"><span class='ocrx_word' id='word_1_97' title='bbox 195 1933 316 1982; x_wconf 89' lang='lat' dir='ltr'>:eratus</span> <span class='ocrx_word' id='word_1_98' title='bbox 342 1911 539 1985; x_wconf 76' lang='lat' dir='ltr'>Heracleote</span> <span class='ocrx_word' id='word_1_99' title='bbox 564 1909 852 2002; x_wconf 69' lang='lat' dir='ltr'>&amp;Antimachus</span> <span class='ocrx_word' id='word_1_100' title='bbox 878 1909 1091 2004; x_wconf 82' lang='lat' dir='ltr'>Colophonius</span> <span class='ocrx_word' id='word_1_101' title='bbox 1117 1910 1187 2006; x_wconf 74' lang='lat' dir='ltr'>ty-</span> 
     </span>
     <span class='ocr_line' id='line_1_17' title="bbox 195 2003 1188 2111; baseline -0.003 -34"><span class='ocrx_word' id='word_1_102' title='bbox 195 2006 303 2095; x_wconf 77' lang='lat' dir='ltr'>handra</span> <span class='ocrx_word' id='word_1_103' title='bbox 322 2010 471 2103; x_wconf 79' lang='lat' dir='ltr'>poi&#39;mata</span> <span class='ocrx_word' id='word_1_104' title='bbox 505 2003 667 2102; x_wconf 80' lang='lat' dir='ltr'>legissent,</span> <span class='ocrx_word' id='word_1_105' title='bbox 700 2009 864 2111; x_wconf 77' lang='lat' dir='ltr'>Lysander</span> <span class='ocrx_word' id='word_1_106' title='bbox 897 2008 1059 2078; x_wconf 84' lang='lat' dir='ltr'>Nicerato</span> <span class='ocrx_word' id='word_1_107' title='bbox 1089 2029 1188 2074; x_wconf 85' lang='lat' dir='ltr'>coro-</span> 
     </span>
     <span class='ocr_line' id='line_1_18' title="bbox 195 2099 1189 2193; baseline -0.004 -17"><span class='ocrx_word' id='word_1_108' title='bbox 195 2129 288 2181; x_wconf 79' lang='lat' dir='ltr'>tam,</span> <span class='ocrx_word' id='word_1_109' title='bbox 315 2103 512 2176; x_wconf 80' lang='lat' dir='ltr'>Antimacho</span> <span class='ocrx_word' id='word_1_110' title='bbox 537 2104 619 2174; x_wconf 87' lang='lat' dir='ltr'>nihil</span> <span class='ocrx_word' id='word_1_111' title='bbox 643 2105 788 2177; x_wconf 84' lang='lat' dir='ltr'>donavit.</span> <span class='ocrx_word' id='word_1_112' title='bbox 822 2102 943 2193; x_wconf 80' lang='lat' dir='ltr'>&#39;Quare</span> <span class='ocrx_word' id='word_1_113' title='bbox 968 2099 1189 2192; x_wconf 84' lang='lat' dir='ltr'>Antimachus</span> 
     </span>
     <span class='ocr_line' id='line_1_19' title="bbox 195 2196 1187 2294; baseline -0.006 -22"><span class='ocrx_word' id='word_1_114' title='bbox 195 2199 328 2294; x_wconf 73' lang='lat' dir='ltr'>mestitia</span> <span class='ocrx_word' id='word_1_115' title='bbox 352 2198 651 2294; x_wconf 67' lang='lat' dir='ltr'>afflsbus,saripta</span> <span class='ocrx_word' id='word_1_116' title='bbox 677 2197 752 2287; x_wconf 87' lang='lat' dir='ltr'>dse</span> <span class='ocrx_word' id='word_1_117' title='bbox 777 2200 921 2272; x_wconf 86' lang='lat' dir='ltr'>earmina</span> <span class='ocrx_word' id='word_1_118' title='bbox 936 2196 1095 2268; x_wconf 84' lang='lat' dir='ltr'>abolevit.</span> <span class='ocrx_word' id='word_1_119' title='bbox 1136 2200 1187 2266; x_wconf 90' lang='lat' dir='ltr'>At</span> 
     </span>
     <span class='ocr_line' id='line_1_20' title="bbox 195 2290 1188 2386; baseline -0.007 -19"><span class='ocrx_word' id='word_1_120' title='bbox 195 2298 311 2369; x_wconf 73' lang='lat' dir='ltr'>uvenis</span> <span class='ocrx_word' id='word_1_121' title='bbox 334 2300 439 2368; x_wconf 84' lang='lat' dir='ltr'>adhuc</span> <span class='ocrx_word' id='word_1_122' title='bbox 466 2297 563 2368; x_wconf 85' lang='lat' dir='ltr'>Plato</span> <span class='ocrx_word' id='word_1_123' title='bbox 586 2297 776 2368; x_wconf 88' lang='lat' dir='ltr'>Antimachi</span> <span class='ocrx_word' id='word_1_124' title='bbox 799 2295 976 2368; x_wconf 80' lang='lat' dir='ltr'>admiratus</span> <span class='ocrx_word' id='word_1_125' title='bbox 991 2290 1188 2386; x_wconf 78' lang='lat' dir='ltr'>ingenium,</span> 
     </span>
     <span class='ocr_line' id='line_1_21' title="bbox 195 2384 1189 2489; baseline -0.005 -25"><span class='ocrx_word' id='word_1_126' title='bbox 195 2384 257 2465; x_wconf 81' lang='lat' dir='ltr'>rum</span> <span class='ocrx_word' id='word_1_127' title='bbox 275 2395 379 2482; x_wconf 89' lang='lat' dir='ltr'>solari</span> <span class='ocrx_word' id='word_1_128' title='bbox 402 2397 514 2489; x_wconf 78' lang='lat' dir='ltr'>cepit:</span> <span class='ocrx_word' id='word_1_129' title='bbox 534 2393 711 2477; x_wconf 85' lang='lat' dir='ltr'>Morbum,</span> <span class='ocrx_word' id='word_1_130' title='bbox 737 2395 865 2472; x_wconf 82' lang='lat' dir='ltr'>disens,</span> <span class='ocrx_word' id='word_1_131' title='bbox 880 2389 950 2486; x_wconf 84' lang='lat' dir='ltr'>five</span> <span class='ocrx_word' id='word_1_132' title='bbox 976 2389 1189 2464; x_wconf 83' lang='lat' dir='ltr'>calamitatem</span> 
     </span>
     <span class='ocr_line' id='line_1_22' title="bbox 195 2488 1187 2655; baseline -0.008 -93"><span class='ocrx_word' id='word_1_133' title='bbox 195 2489 240 2655; x_wconf 52' lang='lat' dir='ltr'>ise</span> <span class='ocrx_word' id='word_1_134' title='bbox 261 2492 510 2587; x_wconf 84' lang='lat' dir='ltr'>ignorantibus,</span> <span class='ocrx_word' id='word_1_135' title='bbox 532 2488 629 2584; x_wconf 81' lang='lat' dir='ltr'>ipsam</span> <span class='ocrx_word' id='word_1_136' title='bbox 655 2491 894 2586; x_wconf 79' lang='lat' dir='ltr'>ignorantiam,</span> <span class='ocrx_word' id='word_1_137' title='bbox 919 2509 953 2559; x_wconf 90' lang='lat' dir='ltr'>ut</span> <span class='ocrx_word' id='word_1_138' title='bbox 981 2488 1110 2559; x_wconf 83' lang='lat' dir='ltr'>luminis</span> <span class='ocrx_word' id='word_1_139' title='bbox 1134 2510 1187 2554; x_wconf 89' lang='lat' dir='ltr'>or-</span> 
     </span>
     <span class='ocr_line' id='line_1_23' title="bbox 207 2578 1189 2679; baseline -0.007 -24"><span class='ocrx_word' id='word_1_140' title='bbox 207 2587 315 2658; x_wconf 88' lang='lat' dir='ltr'>itatem</span> <span class='ocrx_word' id='word_1_141' title='bbox 335 2590 439 2659; x_wconf 86' lang='lat' dir='ltr'>caeais.</span> <span class='ocrx_word' id='word_1_142' title='bbox 479 2585 649 2657; x_wconf 85' lang='lat' dir='ltr'>Proditum</span> <span class='ocrx_word' id='word_1_143' title='bbox 675 2578 802 2679; x_wconf 83' lang='lat' dir='ltr'>insuper</span> <span class='ocrx_word' id='word_1_144' title='bbox 825 2582 864 2678; x_wconf 84' lang='lat' dir='ltr'>ess</span> <span class='ocrx_word' id='word_1_145' title='bbox 887 2585 1066 2660; x_wconf 81' lang='lat' dir='ltr'>memoriae,</span> <span class='ocrx_word' id='word_1_146' title='bbox 1094 2604 1189 2674; x_wconf 80' lang='lat' dir='ltr'>qaum</span> 
     </span>
     <span class='ocr_line' id='line_1_24' title="bbox 195 2677 1189 2780; baseline -0.009 -27"><span class='ocrx_word' id='word_1_147' title='bbox 195 2688 372 2757; x_wconf 75' lang='lat' dir='ltr'>convocatis</span> <span class='ocrx_word' id='word_1_148' title='bbox 398 2683 599 2753; x_wconf 81' lang='lat' dir='ltr'>auditoribus</span> <span class='ocrx_word' id='word_1_149' title='bbox 626 2708 776 2780; x_wconf 82' lang='lat' dir='ltr'>magnum</span> <span class='ocrx_word' id='word_1_150' title='bbox 791 2682 889 2769; x_wconf 89' lang='lat' dir='ltr'>suum</span> <span class='ocrx_word' id='word_1_151' title='bbox 921 2677 1003 2751; x_wconf 88' lang='lat' dir='ltr'>illud</span> <span class='ocrx_word' id='word_1_152' title='bbox 1031 2697 1111 2773; x_wconf 81' lang='lat' dir='ltr'>opus</span> <span class='ocrx_word' id='word_1_153' title='bbox 1141 2677 1189 2746; x_wconf 83' lang='lat' dir='ltr'>le-</span> 
     </span>
     <span class='ocr_line' id='line_1_25' title="bbox 195 2770 1187 2874; baseline -0.011 -23"><span class='ocrx_word' id='word_1_154' title='bbox 195 2801 299 2874; x_wconf 66' lang='lat' dir='ltr'>geret:</span> <span class='ocrx_word' id='word_1_155' title='bbox 324 2779 365 2852; x_wconf 62' lang='grc' dir='ltr'>(θ’</span> <span class='ocrx_word' id='word_1_156' title='bbox 390 2803 460 2849; x_wconf 89' lang='lat' dir='ltr'>eum</span> <span class='ocrx_word' id='word_1_157' title='bbox 487 2802 613 2858; x_wconf 83' lang='lat' dir='ltr'>omnes,</span> <span class='ocrx_word' id='word_1_158' title='bbox 638 2802 756 2874; x_wconf 85' lang='lat' dir='ltr'>praeter</span> <span class='ocrx_word' id='word_1_159' title='bbox 783 2777 974 2859; x_wconf 83' lang='lat' dir='ltr'>Platonem,</span> <span class='ocrx_word' id='word_1_160' title='bbox 997 2777 1059 2848; x_wconf 83' lang='lat' dir='ltr'>re&#39;lt&#39;</span> <span class='ocrx_word' id='word_1_161' title='bbox 1076 2770 1187 2867; x_wconf 67' lang='lat' dir='ltr'>&#39;assent</span> 
     </span>
     <span class='ocr_line' id='line_1_26' title="bbox 195 2799 1233 2972; baseline -0.006 -26"><span class='ocrx_word' id='word_1_162' title='bbox 195 2878 291 2972; x_wconf 73' lang='lat' dir='ltr'>legam</span> <span class='ocrx_word' id='word_1_163' title='bbox 318 2875 552 2947; x_wconf 88' lang='lat' dir='ltr'>nihilominus:</span> <span class='ocrx_word' id='word_1_164' title='bbox 582 2876 680 2948; x_wconf 87' lang='lat' dir='ltr'>Plato</span> <span class='ocrx_word' id='word_1_165' title='bbox 705 2875 789 2947; x_wconf 84' lang='lat' dir='ltr'>enim</span> <span class='ocrx_word' id='word_1_166' title='bbox 813 2874 892 2945; x_wconf 88' lang='lat' dir='ltr'>mihi</span> <span class='ocrx_word' id='word_1_167' title='bbox 924 2887 1006 2944; x_wconf 86' lang='lat' dir='ltr'>unus</span> <span class='ocrx_word' id='word_1_168' title='bbox 1029 2799 1078 2966; x_wconf 76' lang='lat' dir='ltr'>ess</span> <span class='ocrx_word' id='word_1_169' title='bbox 1091 2865 1188 2963; x_wconf 81' lang='lat' dir='ltr'>instar</span> <span class='ocrx_word' id='word_1_170' title='bbox 1229 2914 1233 2918; x_wconf 57' lang='lat'><em>&lt;</em></span> 
     </span>
     <span class='ocr_line' id='line_1_27' title="bbox 195 2966 1187 3061; baseline -0.002 -19"><span class='ocrx_word' id='word_1_171' title='bbox 195 2974 334 3043; x_wconf 76' lang='lat' dir='ltr'>amnium.</span> <span class='ocrx_word' id='word_1_172' title='bbox 361 2972 470 3054; x_wconf 82' lang='lat' dir='ltr'>Haec,</span> <span class='ocrx_word' id='word_1_173' title='bbox 485 2971 610 3044; x_wconf 60' lang='lat' dir='ltr'>Cicer„</span> <span class='ocrx_word' id='word_1_174' title='bbox 625 2973 664 3044; x_wconf 88' lang='lat' dir='ltr'>de</span> <span class='ocrx_word' id='word_1_175' title='bbox 684 2973 783 3046; x_wconf 84' lang='lat' dir='ltr'>claris</span> <span class='ocrx_word' id='word_1_176' title='bbox 800 2990 883 3042; x_wconf 85' lang='lat' dir='ltr'>orat.</span> <span class='ocrx_word' id='word_1_177' title='bbox 909 2968 1050 3061; x_wconf 87' lang='lat' dir='ltr'>Quintil.</span> <span class='ocrx_word' id='word_1_178' title='bbox 1070 2966 1187 3040; x_wconf 84' lang='lat' dir='ltr'>lib.10·</span> 
     </span>
     <span class='ocr_line' id='line_1_28' title="bbox 195 3063 1188 3162; baseline -0.011 -19"><span class='ocrx_word' id='word_1_179' title='bbox 195 3068 312 3143; x_wconf 75' lang='lat' dir='ltr'>Contra</span> <span class='ocrx_word' id='word_1_180' title='bbox 335 3071 369 3139; x_wconf 89' lang='lat' dir='ltr'>in</span> <span class='ocrx_word' id='word_1_181' title='bbox 400 3066 600 3140; x_wconf 81' lang='lat' dir='ltr'>Antimacho</span> <span class='ocrx_word' id='word_1_182' title='bbox 627 3069 699 3150; x_wconf 90' lang='lat' dir='ltr'>vis,</span> <span class='ocrx_word' id='word_1_183' title='bbox 728 3066 765 3140; x_wconf 79' lang='lat' dir='ltr'>bt</span> <span class='ocrx_word' id='word_1_184' title='bbox 796 3067 957 3162; x_wconf 84' lang='lat' dir='ltr'>gravitas,</span> <span class='ocrx_word' id='word_1_185' title='bbox 987 3063 1188 3158; x_wconf 86' lang='lat' dir='ltr'>&amp;minimo</span> 
     </span>
     <span class='ocr_line' id='line_1_29' title="bbox 195 3161 1059 3257; baseline -0.009 -18"><span class='ocrx_word' id='word_1_186' title='bbox 195 3167 324 3257; x_wconf 64' lang='lat' dir='ltr'>uulgare</span> <span class='ocrx_word' id='word_1_187' title='bbox 347 3164 545 3256; x_wconf 85' lang='lat' dir='ltr'>eloquentiae</span> <span class='ocrx_word' id='word_1_188' title='bbox 570 3187 675 3257; x_wconf 91' lang='lat' dir='ltr'>genus</span> <span class='ocrx_word' id='word_1_189' title='bbox 699 3161 799 3242; x_wconf 86' lang='lat' dir='ltr'>habet</span> <span class='ocrx_word' id='word_1_190' title='bbox 821 3163 963 3235; x_wconf 87' lang='lat' dir='ltr'>laudem.</span> <span class='ocrx_word' id='word_1_191' title='bbox 986 3179 1059 3233; x_wconf 75' lang='lat' dir='ltr'>cat.</span> 
     </span>
    </p>

    <p class='ocr_par' dir='ltr' id='par_1_6' title="bbox 193 3252 1244 3929">
     <span class='ocr_line' id='line_1_30' title="bbox 234 3252 1190 3355; baseline -0.002 -22"><span class='ocrx_word' id='word_1_192' title='bbox 234 3263 362 3333; x_wconf 85' lang='lat' dir='ltr'>Statius</span> <span class='ocrx_word' id='word_1_193' title='bbox 383 3261 621 3355; x_wconf 81' lang='lat' dir='ltr'>Neapolitanus</span> <span class='ocrx_word' id='word_1_194' title='bbox 634 3257 715 3349; x_wconf 88' lang='lat' dir='ltr'>suis.</span> <span class='ocrx_word' id='word_1_195' title='bbox 759 3260 921 3352; x_wconf 86' lang='lat' dir='ltr'>Neapolis</span> <span class='ocrx_word' id='word_1_196' title='bbox 946 3279 1058 3331; x_wconf 89' lang='lat' dir='ltr'>aurem</span> <span class='ocrx_word' id='word_1_197' title='bbox 1074 3252 1092 3325; x_wconf 75' lang='lat' dir='ltr'>h</span> <span class='ocrx_word' id='word_1_198' title='bbox 1110 3253 1190 3331; x_wconf 86' lang='lat' dir='ltr'>Cu-</span> 
     </span>
     <span class='ocr_line' id='line_1_31' title="bbox 195 3353 1214 3451; baseline -0.001 -28"><span class='ocrx_word' id='word_1_199' title='bbox 195 3354 249 3424; x_wconf 86' lang='lat' dir='ltr'>mis</span> <span class='ocrx_word' id='word_1_200' title='bbox 283 3358 374 3446; x_wconf 84' lang='lat' dir='ltr'>duxit</span> <span class='ocrx_word' id='word_1_201' title='bbox 411 3357 606 3451; x_wconf 87' lang='lat' dir='ltr'>originem,</span> <span class='ocrx_word' id='word_1_202' title='bbox 642 3353 724 3427; x_wconf 81' lang='lat' dir='ltr'>teste</span> <span class='ocrx_word' id='word_1_203' title='bbox 763 3357 899 3438; x_wconf 89' lang='lat' dir='ltr'>Plinio,</span> <span class='ocrx_word' id='word_1_204' title='bbox 924 3354 971 3427; x_wconf 84' lang='lat'>.&amp;</span> <span class='ocrx_word' id='word_1_205' title='bbox 1004 3353 1214 3432; x_wconf 82' lang='lat' dir='ltr'>Strabone,-</span> 
     </span>
     <span class='ocr_line' id='line_1_32' title="bbox 195 3446 1191 3545; baseline -0.005 -23"><span class='ocrx_word' id='word_1_206' title='bbox 195 3450 319 3545; x_wconf 78' lang='lat' dir='ltr'>lcripstt</span> <span class='ocrx_word' id='word_1_207' title='bbox 347 3454 468 3524; x_wconf 83' lang='lat' dir='ltr'>Statius</span> <span class='ocrx_word' id='word_1_208' title='bbox 495 3451 687 3534; x_wconf 76' lang='lat' dir='ltr'>Thebaida,</span> <span class='ocrx_word' id='word_1_209' title='bbox 716 3449 754 3521; x_wconf 71' lang='lat' dir='ltr'>dt</span> <span class='ocrx_word' id='word_1_210' title='bbox 779 3451 999 3530; x_wconf 72' lang='lat' dir='ltr'>Achilleidos</span> <span class='ocrx_word' id='word_1_211' title='bbox 1026 3446 1081 3518; x_wconf 87' lang='lat' dir='ltr'>sed</span> <span class='ocrx_word' id='word_1_212' title='bbox 1105 3447 1191 3518; x_wconf 84' lang='lat' dir='ltr'>hanc</span> 
     </span>
     <span class='ocr_line' id='line_1_33' title="bbox 194 3543 1200 3640; baseline -0.002 -24"><span class='ocrx_word' id='word_1_213' title='bbox 194 3573 256 3618; x_wconf 90' lang='lat' dir='ltr'>non</span> <span class='ocrx_word' id='word_1_214' title='bbox 283 3548 442 3633; x_wconf 85' lang='lat' dir='ltr'>absolvit,</span> <span class='ocrx_word' id='word_1_215' title='bbox 475 3566 512 3619; x_wconf 93' lang='lat' dir='ltr'>ut</span> <span class='ocrx_word' id='word_1_216' title='bbox 532 3546 667 3638; x_wconf 88' lang='lat' dir='ltr'>ipsemet</span> <span class='ocrx_word' id='word_1_217' title='bbox 698 3547 800 3619; x_wconf 85' lang='lat' dir='ltr'>innuit</span> <span class='ocrx_word' id='word_1_218' title='bbox 818 3569 853 3640; x_wconf 79' lang='lat'>4.</span> <span class='ocrx_word' id='word_1_219' title='bbox 890 3546 971 3617; x_wconf 83' lang='lat' dir='ltr'>silv.</span> <span class='ocrx_word' id='word_1_220' title='bbox 1012 3547 1056 3615; x_wconf 82' lang='lat' dir='ltr'>Et</span> <span class='ocrx_word' id='word_1_221' title='bbox 1074 3543 1200 3638; x_wconf 78' lang='lat' dir='ltr'>primis·</span> 
     </span>
     <span class='ocr_line' id='line_1_34' title="bbox 194 3637 1244 3731; baseline -0.007 -17"><span class='ocrx_word' id='word_1_222' title='bbox 194 3670 274 3716; x_wconf 87' lang='lat' dir='ltr'>nens</span> <span class='ocrx_word' id='word_1_223' title='bbox 300 3670 369 3727; x_wconf 83' lang='lat' dir='ltr'>ecce</span> <span class='ocrx_word' id='word_1_224' title='bbox 394 3669 482 3714; x_wconf 85' lang='lat' dir='ltr'>meus</span> <span class='ocrx_word' id='word_1_225' title='bbox 508 3646 607 3715; x_wconf 79' lang='lat' dir='ltr'>haeret</span> <span class='ocrx_word' id='word_1_226' title='bbox 633 3643 805 3714; x_wconf 77' lang='lat' dir='ltr'>Achilles..</span> <span class='ocrx_word' id='word_1_227' title='bbox 833 3640 967 3731; x_wconf 85' lang='lat' dir='ltr'>Scripstt</span> <span class='ocrx_word' id='word_1_228' title='bbox 992 3637 1029 3720; x_wconf 63' lang='grc' dir='ltr'>ὃς</span> <span class='ocrx_word' id='word_1_229' title='bbox 1055 3641 1194 3720; x_wconf 88' lang='lat' dir='ltr'>Silvas,</span> <span class='ocrx_word' id='word_1_230' title='bbox 1242 3686 1244 3691; x_wconf 91' lang='lat'>-</span> 
     </span>
     <span class='ocr_line' id='line_1_35' title="bbox 193 3733 1215 3829; baseline -0.006 -16"><span class='ocrx_word' id='word_1_231' title='bbox 193 3740 224 3813; x_wconf 81' lang='lat' dir='ltr'>bt</span> <span class='ocrx_word' id='word_1_232' title='bbox 249 3742 266 3811; x_wconf 73' lang='lat' dir='ltr'>&#39;a</span> <span class='ocrx_word' id='word_1_233' title='bbox 291 3739 488 3814; x_wconf 91' lang='lat' dir='ltr'>Domitiano</span> <span class='ocrx_word' id='word_1_234' title='bbox 522 3761 619 3813; x_wconf 86' lang='lat' dir='ltr'>autea</span> <span class='ocrx_word' id='word_1_235' title='bbox 647 3761 771 3811; x_wconf 84' lang='lat' dir='ltr'>corona</span> <span class='ocrx_word' id='word_1_236' title='bbox 794 3737 940 3810; x_wconf 67' lang='lat' dir='ltr'>‘donatus</span> <span class='ocrx_word' id='word_1_237' title='bbox 966 3733 1024 3808; x_wconf 82' lang='lat' dir='ltr'>esi·</span> <span class='ocrx_word' id='word_1_238' title='bbox 1050 3756 1085 3829; x_wconf 83' lang='lat'>4.</span> <span class='ocrx_word' id='word_1_239' title='bbox 1106 3733 1215 3815; x_wconf 57' lang='lat' dir='ltr'>Sita,</span> 
     </span>
     <span class='ocr_line' id='line_1_36' title="bbox 193 3833 1113 3929; baseline -0.007 -21"><span class='ocrx_word' id='word_1_240' title='bbox 193 3839 338 3929; x_wconf 76' lang='lat' dir='ltr'>Palladio</span> <span class='ocrx_word' id='word_1_241' title='bbox 366 3856 498 3907; x_wconf 84' lang='lat' dir='ltr'>merua</span> <span class='ocrx_word' id='word_1_242' title='bbox 523 3860 635 3908; x_wconf 90' lang='lat' dir='ltr'>manus</span> <span class='ocrx_word' id='word_1_243' title='bbox 660 3833 765 3907; x_wconf 87' lang='lat' dir='ltr'>induit</span> <span class='ocrx_word' id='word_1_244' title='bbox 787 3859 878 3909; x_wconf 88' lang='lat' dir='ltr'>auro.</span> <span class='ocrx_word' id='word_1_245' title='bbox 1110 3883 1113 3893; x_wconf 81' lang='grc'>.</span> 
     </span>
    </p>

    <p class='ocr_par' dir='ltr' id='par_1_7' title="bbox 192 3926 1195 4206">
     <span class='ocr_line' id='line_1_37' title="bbox 236 3926 1195 4029; baseline -0.01 -19"><span class='ocrx_word' id='word_1_246' title='bbox 236 3937 278 4020; x_wconf 75' lang='lat' dir='ltr'>ll,</span> <span class='ocrx_word' id='word_1_247' title='bbox 293 3937 373 4028; x_wconf 85' lang='lat'>361.</span> <span class='ocrx_word' id='word_1_248' title='bbox 399 3935 483 4003; x_wconf 84' lang='lat' dir='ltr'>Ecce</span> <span class='ocrx_word' id='word_1_249' title='bbox 509 3934 566 4006; x_wconf 87' lang='lat' dir='ltr'>alii</span> <span class='ocrx_word' id='word_1_250' title='bbox 587 3933 728 4029; x_wconf 81' lang='lat' dir='ltr'>primo.)</span> <span class='ocrx_word' id='word_1_251' title='bbox 754 3929 919 4003; x_wconf 88' lang='lat' dir='ltr'>Recenset</span> <span class='ocrx_word' id='word_1_252' title='bbox 944 3928 1060 4022; x_wconf 74' lang='lat' dir='ltr'>politas</span> <span class='ocrx_word' id='word_1_253' title='bbox 1087 3926 1195 4002; x_wconf 50' lang='lat' dir='ltr'>Graes</span> 
     </span>
     <span class='ocr_line' id='line_1_38' title="bbox 192 4024 1194 4206; baseline -0.012 -102"><span class='ocrx_word' id='word_1_254' title='bbox 192 4053 268 4116; x_wconf 76' lang='lat' dir='ltr'>tosa</span> <span class='ocrx_word' id='word_1_255' title='bbox 290 4034 332 4118; x_wconf 66' lang='lat' dir='ltr'>bs</span> <span class='ocrx_word' id='word_1_256' title='bbox 350 4029 501 4124; x_wconf 15' lang='lat' dir='ltr'>,Latinos</span> <span class='ocrx_word' id='word_1_257' title='bbox 518 4037 536 4115; x_wconf 77' lang='lat'>,&#39;</span> <span class='ocrx_word' id='word_1_258' title='bbox 559 4031 616 4126; x_wconf 86' lang='lat' dir='ltr'>qui</span> <span class='ocrx_word' id='word_1_259' title='bbox 644 4031 875 4206; x_wconf 53' lang='lat' dir='ltr'>Arsssw‘i‘a</span> <span class='ocrx_word' id='word_1_260' title='bbox 899 4024 1055 4123; x_wconf 85' lang='lat' dir='ltr'>scripsere</span> <span class='ocrx_word' id='word_1_261' title='bbox 1071 4025 1194 4198; x_wconf 73' lang='lat' dir='ltr'>:hOr-</span> 
     </span>
    </p>

    <p class='ocr_par' dir='ltr' id='par_1_8' title="bbox 773 4141 1204 4229">
     <span class='ocr_line' id='line_1_39' title="bbox 773 4141 1204 4229; baseline -0.021 0"><span class='ocrx_word' id='word_1_262' title='bbox 773 4148 792 4229; x_wconf 71' lang='grc' dir='ltr'><strong>Ξ</strong></span> <span class='ocrx_word' id='word_1_263' title='bbox 1070 4143 1100 4221; x_wconf 57' lang='lat' dir='ltr'>P&gt;</span> <span class='ocrx_word' id='word_1_264' title='bbox 1116 4141 1204 4199; x_wconf 64' lang='lat' dir='ltr'><strong>eum·</strong></span> 
     </span>
    </p>
   </div>
   <div class='ocr_carea' id='block_1_3' title="bbox 0 0 1443 4709">
    <p class='ocr_par' dir='ltr' id='par_1_9' title="bbox 0 0 1443 4709">
     <span class='ocr_line' id='line_1_40' title="bbox 0 0 1443 4709; baseline 0 0"><span class='ocrx_word' id='word_1_265' title='bbox 0 0 1443 4709; x_wconf 95' lang='lat' dir='ltr'> </span> 
     </span>
    </p>
   </div>
  </div>
 </body>
</html>
