2859 4709
391 370 982 478 Annonnrrortns.
1123 401 1202 507 189.

179 525 267 626 Ego
293 525 383 600 eninr
408 527 474 600 risu
499 528 612 602 matris
636 529 788 623 intelligo
810 557 934 624 pueros
957 529 1105 626 incipere
1135 563 1197 610 co·

187 621 354 722 gnoscere
384 644 549 703 matrem,
575 628 612 700 ὅ(
637 625 712 696 ideo
738 629 907 720 l'equitur:
933 633 984 702 cni
1009 656 1072 703 non
1102 635 1198 721 risere

186 743 362 818 potentes,
376 742 448 794 caet.
467 723 546 814 quin
560 720 712 814 sr-legns:
731 727 786 816 qui
807 751 870 795 non
891 727 1087 813 risere,vox
1105 729 1199 820 Qui,

187 822 224 890 in
260 819 359 906 dandi
393 815 467 890 casu
491 819 712 910 intelligetur,
746 822 866 893 melius
898 824 987 891 enim
1022 825 1200 899 declinabis

189 914 326 1009 Qunjtts
350 913 444 1005 Qui,
468 940 567 1006 quam
591 916 683 1007 cujus
710 916 785 996 etti,
810 935 848 989 ut
881 920 971 990 redle
1000 921 1099 995 docet
1133 925 1201 1008 Pes

188 1030 261 1085 trus
282 1014 431 1084 Bembus
453 1012 488 1080 in
513 1014 643 1086 Plorm.
671 1011 799 1084 Terent.

482 1176 812 1250 ECLOGA
867 1179 916 1256 V.

243 1341 287 1412 Et
304 1350 399 1437 qtrrtt'n
412 1340 586 1430 sollemnia
607 1362 683 1411 vota
699 1336 868 1411 reddemus
886 1342 1062 1438 Numplrir.
1103 1331 1200 1442 Quid

194 1432 235 1507 lit
251 1435 405 1524 sollemne
430 1437 467 1510 &
489 1439 579 1509 unde
610 1436 768 1517 dicatur,
802 1437 947 1524 diximus
974 1444 1008 1509 in
1033 1444 1202 1520 Minerva.

193 1533 327 1641 Intro,
349 1536 489 1605 reddere
513 1551 590 1604 vota
617 1531 787 1646 Nunrpltis
811 1533 845 1600 in
866 1557 948 1628 agro
954 1577 972 1644 λ
992 1563 1035 1609 ex
1057 1541 1122 1615 ritu
1144 1568 1201 1613 an.

191 1627 712 1799 tine-runnu

193 1841 238 1894 ut
268 1776 438 1918 Numphis
461 1751 748 1904 {ildrificeti'punde
775 1748 874 1893 liin:
992 1757 1017 1825 g
1133 1761 1157 1809 x
1191 1776 1206 1818 ²

248 1945 295 2018 Et
318 1967 379 2038 qtto
403 1942 485 2038 (sed
505 1944 628 2039 faciles
653 1943 818 2040 Nttrnpltae
842 1944 966 2038 risere)
986 1946 1125 2036 sacello.

469 2096 950 2196 Ecnoonvu

251 2288 405 2384 Jupiter,
422 2283 465 2361 (7
484 2286 559 2357 laeto
585 2264 751 2374 descendet
772 2283 932 2382 plurimus
954 2283 1059 2360 imbri.
1090 2289 1207 2364 Pluri-

205 2408 297 2462 mus,
323 2383 363 2458 Θ
389 2383 509 2453 multus
528 2383 702 2476 aliquando
728 2407 795 2453 non
819 2380 978 2475 fignificat
1003 2409 1205 2468 numerum,

204 2479 263 2551 sed
285 2476 555 2575 longitudinem,
578 2500 616 2549 ut
648 2502 738 2551 mons
764 2479 943 2572 plurimus,
967 2503 1035 2550 nux
1065 2484 1208 2575 plurima

149 2660 152 2671 Ι
205 2600 272 2668 pto
290 2576 463 2671 amygdala
483 2576 518 2645 in
538 2578 656 2671 Georg.
675 2576 814 2672 plurima
834 2574 970 2654 conix,
990 2575 1023 2643 id
1045 2577 1112 2655 est,
1133 2579 1207 2646 lon·

149 2676 152 2723 l
208 2696 264 2764 ga.
302 2676 356 2742 Sic
375 2670 537 2745 Horatius
554 2675 588 2744 in
604 2675 714 2756 odis,
737 2673 830 2767 quod
853 2693 922 2749 non
946 2668 1132 2766 intelligunt
1155 2674 1208 2744 in·

209 2788 395 2863 terpretes:
471 2858 479 2863 .

306 2883 471 2956 Plurimus
493 2885 528 2956 in
555 2885 691 2961 Iunonis
715 2885 874 2957 honorem.
1134 2986 1137 2998 Ι

209 3003 254 3076 Id
277 3003 343 3090 en,
364 3003 421 3096 qui
446 3005 568 3078 multus
595 3007 640 3080 est
667 3010 702 3078 in
726 3005 877 3078 laudibus
900 3003 1055 3086 Junonic
1094 3076 1096 3084 ,
1129 3094 1133 3101 ¹

455 3179 780 3260 ECLOGA
835 3182 967 3258 VIII.

260 3342 372 3417 Terna
390 3341 451 3414 rin·
464 3344 557 3416 Licin
576 3346 735 3420 circundo.
773 3347 886 3420 Utitur
906 3345 977 3418 haec
1000 3371 1098 3442 maga
1120 3348 1213 3418 lance

218 3437 361 3522 delicio,
385 3457 423 3510 ut
438 3440 561 3514 divinet
587 3466 627 3512 an
642 3446 693 3514 vir
716 3442 755 3514 s1t
773 3465 941 3516 venturus.
980 3444 1108 3516 Lances
1124 3457 1214 3511 erant

220 3533 332 3626 patinae
362 3534 488 3620 secrete,
524 3536 643 3629 quibus
670 3563 778 3632 magae
804 3541 855 3610 uti
879 3539 1025 3610 solebant
1050 3543 1083 3608 in
1108 3537 1217 3629 inqui-

223 3631 324 3703 tendis
346 3631 453 3704 furtis.
492 3631 579 3707 Haec
598 3634 852 3709 involvebantur
875 3636 957 3706 liciis
978 3633 1218 3714 discoloribus,

223 3724 320 3799 itaut
343 3732 523 3822 penderent
545 3729 628 3802 intra
652 3731 756 3808 licia,
787 3733 907 3802 deinde
931 3729 1123 3823 prolatis&
1151 3752 1218 3799 no-

221 3824 347 3896 minatis
373 3826 432 3906 iis,
457 3827 499 3895 de
521 3825 654 3918 quibus·
664 3844 732 3896 erat
753 3823 911 3917 suspicio,
932 3829 1007 3898 lanx
1024 3825 1078 3898 sua
1102 3824 1218 3918 sponte

221 3918 415 3993 movebatur
434 3922 517 3992 intra
536 3923 618 3993 licia.
666 3922 760 3994 Hinc
782 3922 848 4014 iam
872 3938 960 4013 patet
985 3923 1066 4013 quid
1080 3921 1116 3994 stt
1136 3923 1219 3995 illud

222 4007 453 4092 Idoniffimis
466 4019 543 4094 viris
563 4020 621 4093 diu
641 4019 812 4114 quaefitttm
826 4041 888 4091 nec
902 4017 1085 4095 inventum.
1117 4020 1221 4097 Furta

1161 4132 1221 4208 per
