2859 4709
529 382 951 457 sternitis
1112 462 1116 471 ,
1170 405 1241 481 293

229 500 428 574 anteferant.
467 502 533 574 Sed
556 531 656 600 nugae
678 505 752 577 sunt
771 507 849 586 hae,
874 529 946 598 quae
973 527 1027 573 me
1049 502 1239 578 ascribendo

223 621 399 695 ,conantur
425 601 602 672 deterrere.
644 603 734 673 Nam
752 603 887 682 Roma,
905 625 977 695 quae
1003 626 1090 671 nunc
1109 605 1241 677 turbida

235 696 301 776 ell,
322 721 389 767 non
416 696 525 790 potest
551 697 722 791 perspicue
750 696 892 790 spicere,
918 716 972 769 aut
995 722 1132 768 cernere
1160 704 1241 791 qutd

233 817 354 867 verum
381 793 446 870 lit,
473 797 561 865 unde
592 794 614 864 li
644 797 724 886 quid
747 797 800 866 illa
823 796 953 873 elevet,
984 795 1020 867 d<
1052 796 1238 886 deprimat:

232 915 296 959 nec
321 891 393 984 ejus
414 890 538 985 judicio
555 889 750 968 subscribas,
765 913 872 982 neque
893 889 1055 983 judicium
1077 889 1238 985 castiges,

233 987 270 1060 ὅ(
294 988 451 1058 emendes
475 987 508 1056 in
528 988 582 1060 tali
603 987 732 1060 trutina.
779 990 902 1081 Neque
927 1012 1072 1080 unquam
1096 1008 1128 1057 te
1149 1013 1239 1080 quaa·

197 1108 203 1116 ·
232 1107 284 1153 ras
309 1085 342 1154 in
365 1104 504 1154 externo
527 1082 699 1168 sermone,
723 1084 803 1153 dunt
826 1086 907 1155 alios
927 1087 968 1153 de
989 1106 1023 1153 te
1043 1085 1239 1179 interrogas.

198 1180 329 1274 ''Nam
362 1179 486 1250 Rornae
513 1184 586 1271 quis
611 1205 701 1256 non,
729 1179 770 1249 ah
796 1203 916 1251 vereor
946 1179 1080 1262 dicere,
1105 1205 1165 1251 nec
1190 1180 1238 1252 fas

234 1275 282 1347 ell
310 1279 463 1368 prodere.
519 1274 583 1346 Sed
613 1277 743 1357 ditant,
770 1274 807 1349 δι
846 1277 999 1347 audebo:
1027 1277 1239 1370 quandoqui-

196 1378 200 1383 ’
233 1373 312 1443 dem
336 1374 437 1443 video
458 1372 494 1446 ὅ(
515 1370 604 1444 senes
627 1372 786 1452 insanire,
809 1371 844 1445 ὅ(
868 1372 923 1464 qui
949 1367 1052 1443 severi
1083 1375 1147 1444 dici
1174 1398 1238 1443 cu·

219 1469 350 1559 ,piunt,
373 1469 555 1560 puerilibus
577 1469 769 1563 hujusmodi
791 1476 889 1561 nugis
913 1469 1097 1560 implicari,
1119 1472 1155 1542 d(
1179 1471 1237 1562 qui

233 1566 416 1659 nuceriam
434 1565 645 1657 reliquerint,
662 1567 696 1639 ὅ(
714 1563 940 1659 castigatores,
952 1567 988 1637 b<
1007 1585 1139 1655 patruos
1155 1566 1237 1638 alio·

234 1685 313 1736 rum
342 1662 374 1732 se
398 1660 572 1751 praestant,
596 1662 732 1752 puerilia
756 1682 924 1732 conantur.
966 1659 1046 1732 Hos
1073 1686 1139 1756 ego
1167 1685 1236 1753 non

235 1755 395 1828 insebleri
425 1756 479 1826 sed
497 1755 620 1849 praellat
641 1775 768 1829 tacere:
794 1759 873 1828 nolo
903 1780 1104 1848 quemquam
1129 1754 1237 1828 offen·

235 1856 341 1937 dere,
363 1853 414 1923 vel
433 1854 568 1924 irritare.
609 1853 675 1924 Sed
695 1854 774 1946 quid
799 1855 908 1941 potius
928 1852 1067 1935 faciam,
1087 1852 1112 1924 st
1138 1876 1235 1944 petu-

234 1951 310 2022 lanti
330 1946 490 2020 cachinno
509 1949 598 2042 splen
617 1951 699 2020 mihi
719 1947 892 2021 subsultet?
920 1952 1108 2042 Aggrediar
1124 1951 1237 2044 igitur.

221 2128 225 2135 ,
285 2049 368 2118 Non
388 2045 496 2116 solum
518 2051 648 2137 poc'tae,
669 2045 724 2118 sed
738 2047 773 2117 ὃ(
786 2046 843 2137 qui
861 2044 971 2136 prorsa
988 2047 1136 2116 oratione
1156 2044 1235 2116 scri-

220 2139 336 2231 bunt,
361 2141 498 2218 seclusa,
519 2143 554 2218 d<
578 2141 678 2214 abditi
703 2136 823 2234 inagna
846 2143 998 2236 quadam
1022 2144 1236 2236 muginantur

234 2265 309 2334 quae
328 2238 490 2309 anhelanti
512 2240 671 2329 pulmone
694 2241 855 2334 prarlargo
877 2237 994 2309 animae
1015 2239 1049 2306 in
1069 2240 1235 2335 populum

234 2338 381 2406 recitent.
424 2335 491 2405 Sed
520 2335 646 2426 populo
674 2335 822 2405 recitabit
850 2360 917 2405 non
944 2338 1150 2424 imparatus:
1179 2335 1234 2407 sed

220 2451 390 2527 pennatus,
414 2455 500 2502 nova
517 2450 597 2524 toga
615 2432 768 2514 indutus,
783 2433 819 2506 δι
832 2428 1043 2511 sardoniche,
1064 2457 1162 2525 quain
1180 2433 1234 2501 die

221 2529 331 2617 ¹natali
355 2529 511 2618 accepit,
539 2548 741 2606 exornatus,
769 2525 791 2596 li
818 2530 907 2620 prius
933 2545 1045 2613 tamen
1075 2531 1234 2618 pallidum

234 2627 385 2696 colorem
408 2624 625 2706 contraxerit,
651 2622 687 2696 ἅ
711 2625 751 2693 ad
776 2650 894 2695 vocent
919 2623 1052 2692 mollius
1077 2626 1233 2692 emitten-

234 2726 312 2793 dam
337 2719 462 2814 liquido
488 2719 641 2810 plasmate
669 2722 770 2790 niolle
793 2741 908 2812 guttur
935 2719 1103 2800 calluerit,
1122 2720 1163 2789 stc
1183 2721 1234 2788 in·

224 2817 374 2897 ,tronus
398 2817 503 2887 ocello
529 2816 689 2908 patranti,
709 2819 745 2889 ὃ(
769 2821 934 2908 pruriente
959 2813 1183 2888 concinnatur.

279 2913 350 2984 Hic
376 2914 486 2985 videas
510 2913 662 3006 ingentes
682 2915 811 2990 Titos,
835 2914 870 2986 δι
895 2912 1028 2981 severos
1056 2911 1231 2985 Romanos

233 3034 294 3080 nec
309 3033 405 3080 more
424 3007 551 3100 probo,
568 3033 674 3101 neque
691 3035 775 3079 voce
801 3009 908 3079 serena
924 3009 1105 3098 trepidare,
1127 3018 1232 3100 quum

233 3107 378 3178 carmina
402 3103 552 3176 lumbum
573 3106 712 3185 intrant,
727 3104 763 3177 d<
778 3107 920 3178 tremulo
943 3106 1000 3173 illo
1023 3103 1118 3174 versit
1142 3104 1229 3176 inlli-

234 3205 300 3298 gati
327 3202 506 3273 titillantur.
547 3203 582 3270 Ο
604 3206 785 3274 inveterate
813 3200 929 3282 senex,
946 3202 981 3272 d<
995 3198 1096 3291 usque
1118 3213 1232 3270 cutem

233 3301 362 3391 perdite
379 3343 390 3381 ,
409 3295 560 3368 auriculis
578 3299 690 3368 alienis
716 3297 802 3367 escas
826 3297 976 3388 colligis?
1005 3296 1124 3386 quibus
1146 3294 1233 3378 insus

233 3421 290 3488 per
316 3394 469 3470 auriculis
494 3418 561 3462 non
582 3414 613 3463 te
636 3395 738 3482 pudet
767 3393 839 3462 talia
861 3391 1064 3464 insusurrare.

280 3493 360 3565 Ohe
387 3493 497 3568 cives,
526 3491 606 3580 quid
625 3485 767 3556 didicitle
790 3489 905 3580 juvat,
925 3488 982 3558 nili
999 3487 1063 3556 hoc
1087 3484 1231 3577 sermen-

232 3604 303 3659 tunt
327 3603 498 3678 erumpat,
525 3589 561 3656 lit
585 3608 657 3677 quae
689 3584 788 3653 letnel
813 3586 899 3656 intus
920 3601 989 3654 nata
1015 3580 1060 3650 est
1089 3581 1232 3669 captisri-

234 3706 292 3755 cus
308 3684 361 3755 vel
375 3702 474 3772 rupto
494 3681 607 3776 jecore
628 3679 794 3771 profitiat
829 3684 864 3752 O
888 3682 1017 3750 mores!
1044 3677 1078 3745 Ο
1103 3674 1231 3747 senium

231 3783 425 3870 perditum!
449 3776 513 3848 hnc
539 3798 605 3848 erat
629 3800 688 3848 cur
703 3776 886 3869 pellebas?
939 3776 994 3844 An
1023 3771 1127 3844 credis
1151 3767 1232 3865 scire

233 3891 329 3949 tuum
354 3873 434 3948 nihil
462 3873 558 3951 elle,
583 3872 640 3943 nist
664 3873 745 3946 alius
770 3892 800 3942 te
824 3869 904 3943 scire
932 3872 996 3941 lior
1022 3863 1120 3938 scuti
1162 3869 1232 3952 At,

230 3969 363 4071 inquis,
382 3971 561 4065 pulchrum
586 3968 631 4042 est
653 3971 760 4067 digito
781 3963 1030 4136 pontimi&
1045 3963 1127 4034 dici:
1159 3962 1234 4130 Hip
