2859 4709
204 479 278 570 390
384 399 765 532 ¹Portuno-11
812 457 1011 533 Manto

201 589 270 666 biae
299 584 432 662 Castum
464 582 626 678 attingit,
654 585 801 677 quodam
829 584 994 680 fastigio,
1022 584 1127 654 minut
1157 601 1192 653 ae

203 691 316 762 minus
341 685 444 762 latus,
468 684 506 756 ὅ(
529 705 596 776 quo
622 679 731 774 magis
754 700 907 771 penetrat
936 682 1104 778 angullior.
1144 677 1194 750 Ab

205 786 247 859 iia
270 805 344 878 quo
360 779 533 862 diximus,
556 778 598 847 ad
622 775 730 849 smum
754 777 953 862 Persicum,
967 778 1017 849 nist
1032 780 1090 850 ubi
1111 776 1194 847 Che·

206 877 388 972 lonophagi
408 891 601 954 morantur,
623 872 749 944 deserta
769 872 852 945 sunt.
897 876 944 947 In
967 874 1031 967 ipio
1048 871 1196 950 Carmani

206 975 435 1070 navigantium
453 975 583 1042 dextera
604 969 720 1062 positi,
742 968 810 1041 line
834 971 930 1045 velle
949 995 986 1043 ac
1002 972 1113 1066 fruge,
1132 967 1195 1037 sine

208 1095 331 1170 pecore
357 1094 394 1142 ac
423 1064 580 1146 sedibus,
608 1065 747 1156 piscium
778 1087 859 1139 cute
890 1069 927 1139 se
955 1070 1078 1149 velant,
1107 1086 1198 1135 carne

208 1167 410 1246 vescuntun·
425 1180 547 1256 praeter
566 1162 668 1253 capita
687 1181 760 1234 toto
777 1187 933 1258 corpore
954 1163 1077 1237 hirsuti.
1114 1162 1197 1232 Inte·

208 1268 298 1340 riora
322 1256 492 1342 Gedroli‚
523 1258 639 1330 dehinc
665 1259 770 1332 Persae
794 1258 963 1333 habitant.
1017 1260 1128 1334 Cetliu
1148 1277 1196 1349 per

209 1358 426 1437 Carmanios:
457 1353 552 1448 supra
580 1356 749 1440 Andanis,
767 1354 804 1429 ἃ
828 1356 962 1430 Corios
986 1358 1131 1429 effluunt.
1163 1354 1196 1424 ln

208 1474 301 1551 parte
327 1475 401 1542 qua
430 1451 545 1547 pelagi
570 1451 653 1522 ollio
686 1451 816 1526 adversa
844 1450 919 1535 ell‚
951 1455 1194 1550 Babyloniorum

208 1554 293 1627 finer
315 1541 618 1642 Clnldaeorumque
638 1546 733 1626 sunt,
745 1549 870 1626 &duo
890 1553 975 1622 clari
992 1574 1124 1630 amnes,
1141 1548 1194 1618 Ti·
1224 1601 1227 1610 .

208 1649 282 1747 gris
306 1643 430 1718 Persidi
453 1641 606 1735 propior,
629 1645 766 1717 ulterior
790 1644 994 1737 Euphrates.
1037 1647 1146 1742 Tigris
1164 1657 1192 1713 ut

210 1764 307 1820 natur
331 1741 403 1821 est,
426 1741 473 1814 ita
496 1736 693 1812 descendens
718 1742 882 1836 usquead
909 1744 1026 1816 littora
1052 1759 1190 1835 permeat:

211 1839 398 1934 Euphrates
412 1836 549 1909 immani
569 1861 628 1908 ore
645 1856 784 1930 aperto,
800 1863 867 1912 non
883 1840 957 1912 exit
977 1858 1111 1913 tantum
1130 1838 1193 1912 undt

211 1942 338 2019 oritur,
361 1933 417 2007 led
440 1934 478 2011 ὅ(
503 1934 590 2006 valle
614 1958 748 2027 quoque
768 1937 913 2019 decidit,
939 1960 1004 2017 nec
1032 1936 1118 2010 secat
1134 1957 1194 2007 con·

211 2040 309 2112 rinno
331 2055 454 2127 agros,
475 2030 530 2103 sed
555 2027 617 2104 late
640 2029 776 2108 diffusus
797 2031 990 2127 intllagna,
1013 2032 1140 2127 diitque
1160 2028 1195 2100 le·

208 2131 366 2210 dentibus
384 2130 497 2223 aquis,
517 2125 636 2204 &stne
657 2128 752 2202 alveo
774 2129 891 2222 patulis
916 2132 1019 2225 piger
1030 2173 1045 2209 ‚
1069 2130 1138 2223 poll
1152 2124 1197 2199 ubi

210 2231 399 2326 marginem
423 2228 534 2318 rupit,
558 2245 637 2298 vere
659 2223 782 2298 fluvius
805 2225 873 2309 ess,
896 2226 1113 2321 acceptisque
1135 2222 1198 2315 ripis

212 2323 352 2404 celer&
367 2322 532 2407 fremens,
556 2346 616 2413 per
633 2322 811 2394 Armenios
825 2323 862 2397 &
876 2324 1101 2416 Cappadocas
1127 2320 1198 2396 occi·

210 2433 349 2502 dentem
372 2419 487 2513 petit,
521 2418 555 2489 ni
581 2419 715 2492 Taurus
747 2420 874 2504 obllet,
899 2422 935 2490 in
967 2419 1096 2494 nostra.
1112 2416 1200 2491 matir

211 2542 382 2604 venturus.
419 2515 570 2593 Indead
594 2515 767 2587 meridiem
793 2517 976 2600 avertitur,
1004 2519 1044 2593 δι
1067 2518 1200 2611 primunt

213 2630 338 2720 syros,
366 2634 439 2687 tum
462 2612 589 2686 Arabas
615 2612 792 2703 ingrellusa
815 2638 882 2685 non
907 2615 1070 2705 perdurat
1096 2617 1130 2683 in
1151 2634 1201 2704 pe·

211 2724 331 2815 lagu„
356 2734 473 2784 verum
496 2710 611 2804 ingens
635 2711 741 2780 modo
760 2709 795 2784 ὅ(
814 2709 1037 2804 navigabilis,
1059 2711 1136 2782 inde
1159 2728 1202 2777 te·

212 2819 287 2891 nois
312 2812 402 2883 rivus
421 2806 587 2898 despectus
606 2806 833 2885 emoritum&
852 2806 1014 2901 nusquam
1036 2803 1202 2881 manifesto

214 2917 306 2988 exitu
331 2904 434 2977 effluit
457 2921 495 2975 ut
518 2903 570 2974 alii
590 2925 721 2981 amnes,
741 2901 798 2973 sed
821 2903 944 2975 deficit,
985 2905 1131 2975 Alterum
1156 2900 1200 2972 la·

214 3030 268 3085 rus
292 3001 395 3079 ambit
419 2998 545 3095 plaga,
571 3000 751 3091 quainter
775 3016 959 3094 utrumque
983 3002 1119 3094 pelagus
1146 3022 1201 3069 ex·

215 3105 344 3184 currit,
374 3096 496 3167 Arabia
523 3096 661 3177 dicitur,
687 3096 889 3191 cognomine
917 3098 1128 3178 Eudamon,
1152 3119 1200 3166 an·

215 3202 330 3301 gusta,
345 3217 464 3268 verum
478 3193 679 3265 cinnamomi
696 3191 733 3265 dt
748 3192 876 3273 thuris,
898 3195 1113 3290 aliorumque
1130 3195 1201 3263 odo·

214 3324 292 3375 rum
314 3292 580 3367 maximefetax.
618 3288 788 3382 Maiorem
815 3290 918 3363 sabai
944 3310 1063 3363 tenent
1084 3313 1198 3384 partem
1232 3291 1237 3304 '

210 3395 302 3469 ollio
330 3388 517 3484 proximam
548 3388 585 3460 dt
607 3387 819 3470 Carmanis,
849 3391 1051 3461 contrariam
1089 3406 1199 3481 partem

212 3492 349 3571 Maca:
374 3507 448 3579 quae
469 3482 555 3568 inter
576 3482 655 3557 uilia
680 3482 878 3565 ostenditur,
904 3481 1009 3581 sylvae
1038 3485 1199 3579 cautesque

214 3590 425 3679 exasperant:
446 3580 570 3672 aliquot
589 3580 659 3656 lunt
680 3578 714 3650 in
733 3581 846 3651 medio
867 3578 984 3654 inlulae
1004 3582 1096 3665 fita,
1118 3587 1199 3679 ng

211 3685 282 3764 ris,
310 3681 401 3775 quod
424 3678 459 3748 in
486 3700 524 3752 ea
547 3677 705 3772 Erythra¹
731 3679 820 3774 regis
849 3701 1119 3757 monumentum
1146 3680 1197 3756 elli

210 3778 319 3876 magis
340 3776 423 3850 clara
447 3798 546 3874 quam
565 3794 741 3851 ceterae.
