2859 4709
235 438 310 525 352
432 424 799 519 Pomrourr
847 414 1044 489 Maia

234 547 343 626 bico,
368 549 461 641 quod
483 546 515 616 iu
539 541 624 616 Asta
651 541 795 612 diximus
819 559 909 630 parte
935 535 1133 609 adversum:
1160 538 1235 609 Par:

230 644 373 716 thenion
401 644 551 714 alterurn.
607 639 783 731 Oppidum
817 635 941 728 adjacet
976 631 1187 707 Cheronelus
1216 631 1233 706 'a

233 737 345 814 Diana
369 738 421 828 (li
438 739 615 829 credatur)
641 738 836 814 conditum,
853 733 890 806 δι
908 731 1106 828 Nymphaeo
1125 731 1234 820 specu,

231 839 328 929 quod
358 837 389 905 in
417 861 491 906 arce
518 835 589 928 ejus
614 831 786 928 Nymphis
811 828 967 900 sacratum
993 826 1066 908 est,
1094 851 1234 899 maxime

233 934 367 1004 illustre.
412 931 505 1004 Subit
532 955 605 1005 tum
630 933 735 1021 ripam
762 951 878 1004 mare,
900 925 937 997 &
962 927 1071 995 donec
1091 928 1233 1018 quinque

231 1031 334 1102 millia
347 1028 495 1122 passuum
512 1025 589 1099 absit
605 1023 824 1107 iMoeotide,
836 1020 1038 1120 refugienda
1051 1019 1147 1115 usque
1160 1021 1231 1093 lub-

228 1124 371 1219 sequens
401 1126 536 1204 littora,
560 1147 636 1219 quar
669 1121 831 1194 Saterchae
857 1119 894 1192 ὅ(
927 1120 1070 1190 Taurici
1101 1137 1235 1205 tenent,

198 1250 201 1259 ·
229 1220 437 1314 peninsulam
464 1221 582 1291 reddit.
628 1220 734 1311 Quod
762 1219 846 1287 inter
867 1217 1049 1306 paludem,
1075 1212 1113 1288 ὃ(
1132 1215 1234 1289 smum

230 1318 307 1398 est,
337 1317 485 1409 Taphrae
520 1317 717 1388 nominatur.
756 1316 854 1387 Sinus
886 1313 1084 1386 Carcinites,
1124 1314 1164 1383 In
1192 1338 1231 1384 eo

228 1415 310 1486 urbs
336 1413 381 1483 ell
410 1413 578 1495 Carcine,
609 1437 709 1506 quam
743 1414 810 1485 duo
845 1408 1004 1491 flumina,
1038 1413 1170 1486 Gerros
1199 1409 1232 1484 dt

226 1507 454 1606 HypacyriS,
487 1533 557 1582 uuo
584 1511 667 1582 ollio
695 1507 859 1581 effluentia
888 1508 1086 1600 attingunt:
1122 1531 1231 1578 verunt

225 1604 361 1677 diversis
389 1606 558 1690 fontibus,
583 1606 620 1680 ὅ(
653 1606 784 1678 aliunde
808 1602 936 1696 delapli.
979 1605 1077 1674 Nam
1109 1606 1231 1680 Gerros

224 1702 312 1775 inter
338 1702 511 1781 Basilidas,
525 1707 562 1778 δι
576 1705 748 1776 Nomadas
771 1702 944 1787 evolvitur.
983 1701 1100 1795 Sylvae
1121 1705 1229 1774 deinde

222 1796 326 1876 sunt,
351 1823 430 1892 quas
453 1800 613 1872 maximas
633 1796 686 1871 ltae
704 1819 799 1871 terrae
817 1800 946 1877 ierunt,
962 1796 1000 1871 de
1023 1800 1229 1893 Panticapes,

223 1896 285 1989 qui
313 1897 487 1970 Nomadas
512 1896 738 1992 Georgosque
766 1895 973 1968 disterminat.
1019 1896 1134 1968 Terra
1164 1915 1226 1969 tum

223 1988 329 2087 longe
356 1993 491 2066 distenta
515 1998 699 2075 excedens,
719 1995 809 2065 tenui
828 1992 936 2064 radice
959 1993 1062 2062 littori
1088 1994 1227 2065 adnecii-

222 2104 290 2165 tur.
331 2089 410 2161 Post
428 2089 568 2182 spaciosa
586 2094 743 2171 modice,
759 2090 915 2182 paulatim
940 2084 1064 2183 seipsa
1081 2090 1222 2183 fastigat,

220 2184 261 2272 dic
294 2183 382 2276 quafi
406 2188 439 2257 in
466 2212 663 2259 mucronem
693 2188 793 2282 longa
820 2187 980 2280 colligens
1006 2188 1129 2269 latera,
1151 2187 1220 2257 facie

195 2280 321 2372 'politi
347 2280 430 2356 enlis
453 2285 567 2355 alledla
595 2284 650 2357 cll.
701 2284 849 2357 Achilles
875 2281 987 2355 infesta
1015 2281 1113 2354 clalle
1142 2307 1222 2356 mate

217 2376 404 2449 Ponticum
428 2376 609 2474 ingrellus,
633 2380 679 2452 ibi
702 2383 830 2471 ludicro
854 2381 1032 2452 certamine
1055 2380 1223 2452 celebralle

219 2475 425 2554 eudociam,
454 2477 490 2552 ὃ(
518 2501 595 2548 cum
623 2477 664 2550 ab
685 2480 785 2551 armis
811 2480 903 2570 quies
923 2495 1009 2557 erat,
1030 2477 1064 2548 se
1091 2505 1129 2549 ac
1157 2477 1226 2550 suos

219 2573 317 2646 cursu
349 2574 569 2646 exercitaville
591 2595 819 2658 memoratur,
842 2576 927 2646 Ideo
951 2574 1038 2646 dicia
1066 2575 1114 2646 ell
1132 2577 1228 2668 allon

218 2665 380 2763 ἆχίὶλιιος.
405 2672 500 2744 Tum
513 2670 709 2768 Borystenes
723 2693 861 2768 gentem
875 2670 922 2747 sui
940 2671 1087 2743 nominis
1104 2674 1227 2753 abluit,

213 2765 304 2840 inter
331 2768 476 2865 Scythia
492 2779 605 2841 amnes
629 2770 888 2851 amoenissimus,
907 2768 1044 2842 turbidis
1070 2768 1165 2848 aliis,
1191 2772 1228 2841 li·

214 2866 423 2961 quidiffimus
446 2866 583 2949 defluit,
600 2866 762 2958 placidior
781 2890 879 2960 quam
898 2868 1028 2948 cateri,
1048 2869 1225 2959 potarique

213 2963 467 3058 pulcherrimus.
510 2965 580 3036 Alit
606 2965 766 3038 laetiffima
787 2964 907 3056 pabula
930 2960 1130 3060 magnosque
1157 2960 1223 3054 pis-

213 3074 300 3145 ces,
331 3057 450 3155 quibus
477 3058 514 3134 dc
545 3063 691 3154 optimus
720 3061 844 3155 sapor,
871 3061 908 3137 δί
934 3063 1022 3135 nulla
1044 3058 1109 3132 olla
1134 3053 1222 3134 sunt.

211 3155 337 3254 Longe
357 3159 479 3265 yenit,
503 3158 695 3253 ignotisque
717 3179 809 3233 ortus
833 3159 852 3233 ὲ
876 3159 1049 3239 fontibus,
1077 3158 1226 3252 quadra-

211 3256 306 3351 ginta
332 3256 460 3327 dterum
486 3255 549 3326 iter
569 3258 664 3330 alveo
688 3257 835 3352 stringit:
859 3276 1015 3351 tantoque
1034 3254 1144 3346 spacio
1167 3279 1227 3327 na-

209 3352 392 3447 vigabilis,
419 3350 599 3426 secundum
625 3353 864 3450 Borysthenida
888 3355 926 3429 &
953 3353 1080 3426 Olbida
1103 3351 1227 3429 Graeca

210 3445 335 3541 oppida
361 3450 541 3544 egreditur.
597 3450 776 3543 Callipidas
800 3450 841 3522 H
865 3451 955 3544 panis
987 3450 1154 3524 includit:
1183 3475 1227 3525 ex

209 3543 330 3641 grandi
358 3549 478 3639 palude
512 3545 651 3632 oritur,
681 3572 781 3643 quam
860 3569 960 3621 atretn
995 3547 1068 3640 ejus
1101 3547 1226 3622 accolae

207 3643 391 3736 appellant:
412 3645 520 3719 &diu
543 3642 646 3742 qualis
671 3668 766 3719 natus
791 3645 837 3717 est
857 3645 971 3717 defluit
995 3648 1131 3716 tandem
1154 3671 1224 3719 noo

164 3752 167 3761 “
206 3738 311 3837 longe
336 3737 354 3810 *a
376 3742 478 3821 mari,
500 3764 543 3812 ex
571 3767 675 3833 parvo
693 3743 787 3814 fonte
812 3734 1223 3840 cuiExampaeocop'gno·

170 3854 171 3857 ’
205 3857 286 3908 men
307 3835 375 3920 est,
397 3835 482 3921 adad
504 3863 628 3912 amaras
651 3865 750 3936 aquas
772 3840 910 3932 accipit,
933 3859 968 3914 ut
990 3838 1058 3931 ipse
1082 3862 1221 3934 quoque

197 3930 272 4031 jam
293 3930 343 4008 sui
370 3935 546 4017 diffimilis,
564 3932 604 4009 &
625 3960 693 4021 non
715 3936 818 4008 dulcis
838 3936 915 4008 hinc
938 3937 1071 4010 defluat.
1116 3935 1221 4011 Axia?

192 4062 253 4116 ces
276 4040 471 4137 proximus
493 4037 583 4112 ‘tutia
603 4033 790 4127 Calltp'tdas
819 4030 1022 4122 rainaldus
1043 4033 1248 4189 deiceupxippx
