2859 4709
226 388 299 466 m6
436 386 1011 457 Aunouar1ours

275 509 342 581 Sed
363 504 443 577 libet
466 505 635 598 epillolam
658 506 774 579 Franc.
799 509 841 579 de
862 508 972 580 Mello
997 505 1144 582 Lufirani
1168 504 1237 582 huc

227 604 348 677 addere
368 628 468 698 quam
490 604 575 675 inter
599 600 733 675 'schedas
757 628 848 676 meas
868 602 1040 676 servaram.

279 743 303 783 2,
317 702 504 790 froucistus
533 703 573 772 dc
598 701 706 774 Mello
737 704 873 778 Joannae
908 702 997 776 Vua.
1022 706 1057 774 S.
1097 698 1240 778 Serius,

227 796 369 890 „quam
393 784 585 891 optaveras,
612 800 719 877 literas
744 802 786 871 ad
810 819 842 870 te
867 802 1002 877 mittor
1020 799 1132 889 Virgo
1160 820 1238 869 eru·

227 941 254 982 „
270 895 442 976 dindima,
472 913 509 968 ut
533 919 611 968 cum
637 919 765 989 magno
789 895 922 969 foenore
952 919 1061 965 meam
1087 896 1177 984 apud
1203 914 1238 964 te

229 1034 254 1076 2,
267 993 527 1089 negligentiam,
547 1018 588 1064 ne
615 994 722 1065 dicam
748 993 880 1085 culpam
903 991 1069 1062 excusem.
1110 991 1236 1062 Addidi

229 1111 394 1173 „etenim
419 1089 673 1171 huicmuneri,
701 1109 741 1162 ut
769 1089 832 1159 tibi
856 1091 1001 1184 gratiora
1032 1087 1131 1159 essent
1164 1112 1237 1180 quae

230 1227 257 1273 ‚a
272 1188 354 1258 olim
379 1189 413 1256 in
437 1189 616 1259 duodecim
642 1185 752 1260 versus
773 1187 847 1258 illos
864 1184 1008 1258 Ausonii
1026 1207 1069 1256 ex
1087 1185 1238 1280 Grypho

229 1327 255 1369 ‚,
271 1285 463 1374 decerptos,
485 1310 550 1356 non
567 1283 632 1355 srne
654 1285 758 1380 longo
781 1284 975 1377 ingentique
997 1283 1112 1355 labore
1132 1285 1237 1355 Lute-

232 1420 259 1462 ‚,
273 1381 327 1450 tiae
343 1379 539 1455 Parisiorum
561 1396 814 1462 annotaveram,
833 1379 869 1454 ὅ(
890 1381 1175 1471 interpretameuti
1190 1381 1238 1453 vi·

230 1501 311 1558 „ce
330 1473 539 1568 scripseram,
558 1503 661 1569 pauca
680 1480 837 1570 quidem,
859 1475 913 1548 sed
930 1499 1005 1571 quae
1024 1499 1164 1548 omnem
1179 1475 1240 1550 hu·

230 1615 257 1657 ‚‚
269 1568 321 1665 itia
333 1593 412 1654 ,tam
432 1575 534 1648 abditi
551 1576 615 1646 loci
638 1573 865 1647 difficultatem
883 1573 955 1645 satis
977 1574 1143 1666 explicare
1161 1571 1241 1666 pos·

230 1714 257 1754 „
272 1668 396 1752 sium&
413 1670 659 1766 inexplicabiles
668 1674 862 1746 Maemdros
879 1669 1016 1763 solvere.
1041 1671 1135 1744 Cum
1151 1672 1241 1742 enim

232 1813 257 1854 ‚,
275 1768 308 1840 iu
338 1791 455 1842 manus
484 1795 574 1843 meas
606 1770 737 1842 libellus
769 1770 903 1863 quidam
933 1768 1097 1840 Francisci
1133 1766 1241 1864 Sylvii

232 1908 260 1948 „
275 1868 483 1969 grammatici
497 1866 653 1967 ignobilis
667 1865 822 1948 venisset,
834 1889 935 1962 quem
947 1867 979 1936 in
991 1864 1132 1937 Ausonii
1148 1869 1242 1960 Gry·

237 2003 263 2047 „
277 1961 381 2054 phum
399 1967 566 2044 ediderat,
588 1965 671 2056 carpi
686 1962 831 2039 hominis
843 1963 951 2035 ridere
960 1963 1243 2059 imprudentiam,

233 2060 481 2156 „nimiumque
513 2064 705 2157 temerarios
736 2080 872 2134 conatus
899 2061 1097 2132 convellere.
1150 2061 1244 2133 Nam

235 2157 349 2248 „quis
369 2158 451 2231 ferar
467 2158 729 2231 homuncionem
746 2160 802 2250 qui
822 2160 879 2232 vix
900 2158 1041 2229 urticam
1059 2157 1168 2234 norit,
1182 2182 1240 2227 cu·

236 2251 414 2344 „pretium
436 2257 625 2346 exprimere
648 2254 796 2343 uoluisse.
838 2253 1037 2329 Cum'enim
1055 2253 1156 2326 multa
1181 2252 1242 2323 sint

235 2393 261 2433 „
277 2350 311 2419 in
337 2348 487 2421 Ausonio
516 2377 590 2444 quae
617 2350 839 2426 dosiiffimum
867 2353 1078 2442 interpretem
1111 2347 1243 2420 defide-

238 2489 263 2531 ,‚
276 2464 367 2516 rent:
399 2445 453 2518 hic
478 2466 588 2519 tamen
610 2473 694 2522 unus
720 2449 884 2546 Gryphus
908 2445 1136 2537 difficultatem
1165 2472 1245 2521 om·

238 2567 353 2625 „nem
373 2539 530 2636 superat,
553 2543 619 2619 &e
666 2545 743 2618 Poll
767 2552 876 2635 pauca
903 2543 1029 2618 subdit:
1056 2547 1190 2617 Deinde
1203 2540 1246 2614 se

237 2683 265 2725 ,‚
280 2641 407 2712 confort
430 2644 471 2715 ad
493 2664 671 2715 numerum
691 2643 880 2734 perfeetum
908 2640 925 2714 a
949 2642 1119 2734 triangulis
1140 2642 1246 2712 linea·

239 2736 371 2819 „ribus
395 2739 567 2830 inquiens:
598 2740 680 2812 Tres
702 2741 765 2812 coir
786 2740 825 2810 iu
855 2754 965 2834 partes
982 2764 1146 2810 'numerus
1167 2752 1248 2834 per·-

209 2906 212 2913 .
239 2829 400 2919 ursellus:
429 2836 624 2911 Numerum
646 2835 835 2928 perfeetum
862 2855 982 2909 vocant
1016 2833 1248 2907 Mathematici

240 2967 264 3008 2,
278 2952 357 2999 eum
374 2931 432 3022 qui
449 2930 512 3005 suis
528 2933 676 3026 partibus
692 2957 834 3007 numero
851 2934 998 3006 colledis
1023 2933 1153 3026 aequalis
1181 2931 1248 3003 esta

238 3067 263 3108 ,‚
276 3026 319 3095 Er
340 3049 519 3100 numerum
535 3034 702 3106 minorem
719 3033 974 3137 vocamus‚qui
993 3028 1167 3121 aliquoties
1190 3052 1250 3100 re-

238 3163 263 3203 „
278 3120 404 3214 peritur
427 3126 460 3196 in
481 3127 631 3220 majore:
657 3127 725 3203 sive
748 3130 807 3223 qui
825 3152 884 3219 per
906 3130 1049 3219 aliquem
1063 3148 1252 3198 numerum

240 3219 522 3313 „multiplicatur
541 3226 705 3319 majorem
740 3224 916 3297 constituit.
952 3226 1102 3298 ‘Primus
1138 3242 1253 3295 autem

239 3356 267 3395 a,
280 3314 445 3406 perfeuus
462 3319 509 3391 est
522 3323 694 3404 Sotiatium
710 3323 804 3415 cujus
823 3340 931 3412 partes
948 3320 1020 3392 suut
1032 3366 1043 3404 ‚
1055 3344 1084 3395 1.
1096 3316 1128 3399 κ’.
1142 3343 1173 3412 3.
1196 3319 1253 3416 qui

240 3455 265 3497 „
281 3411 376 3484 stmul
391 3417 522 3489 cotteui
536 3419 708 3492 Senarium
729 3445 838 3513 neque
854 3418 1043 3501 minorem,
1058 3443 1167 3510 neque
1184 3443 1254 3488 ma·

239 3551 265 3591 ‚‚
278 3508 385 3601 jorem
403 3513 613 3590 constituunt.
641 3519 766 3603 Omnis
783 3535 895 3589 autem
910 3539 1067 3588 uumerus
1083 3515 1252 3605 perseflus

241 3608 334 3709 „lut
348 3608 391 3681 ait
404 3612 568 3685 Jordauus
584 3616 640 3686 lib.
649 3616 681 3690 8.
702 3614 862 3700 clement.)
883 3614 1091 3704 triangularis
1107 3612 1174 3692 est,
1190 3609 1255 3680 srre

242 3742 268 3781 „
281 3703 406 3778 trinus:
427 3705 492 3797 ipse
507 3712 598 3780 enim
617 3735 677 3802 per
698 3713 839 3785 unitates
862 3709 896 3780 in
917 3711 1071 3780 ordinem
1094 3711 1255 3783 resolutas

242 3839 266 3878 ra
279 3803 435 3898 trianguli
454 3803 599 3903 figuram
617 3809 785 3881 imitatur:
803 3826 877 3879 caet.
890 3817 914 3857 “

289 3897 331 3980 ll·
350 3903 406 3974 6-1.
431 3904 493 3978 Jus
508 3907 676 4001 triplex.)
703 3906 902 3979 Duodecim
929 3903 1077 3988 tabulae,
1107 3923 1182 3997 quae
1215 3925 1260 3974 ex

240 3996 1256 4178 mmmmqwmmmfflmnmmussmmmn

1218 4115 1257 4172 us
