2859 4709
231 412 338 515 yffi·
431 398 1043 485 PomeourrMaum

233 534 267 611 in
281 534 352 609 aliis
371 535 468 607 terris
488 533 570 605 solet
590 531 709 626 aspici,
724 530 871 606 ostentat.
905 532 1066 625 Namque
1087 554 1134 606 ex
1152 528 1235 604 surm·

232 659 292 707 mo
315 633 440 705 vertice
462 631 534 724 ejus
559 627 831 721 speculantibus,
854 621 941 721 pen‘e
967 625 985 700 {a
1007 630 1121 700 media
1143 632 1234 700 nodie

234 727 330 825 sparsi
351 732 445 824 ignes
467 727 584 823 passim
610 729 733 799 micare
747 725 810 804 ,ἃ
832 746 868 801 ut
892 726 950 799 lux
974 727 1236 820 appropinquat,

235 833 280 902 ita
306 828 420 910 coire,
442 849 478 895 ac
503 825 538 895 se
567 825 774 921 conjungere
799 825 973 904 videntur,
1001 827 1109 896 donec
1136 823 1237 919 magis

236 921 407 1018 magisque
437 920 604 1000 collobii,
640 922 814 1012 pauciores
850 918 1013 1007 subinde,
1039 919 1074 993 ὅ(
1107 945 1171 992 una
1198 923 1237 991 ad

236 1021 444 1114 postremum
470 1016 602 1090 flamma
632 1020 775 1091 ardeant.
821 1017 869 1090 Ea
896 1042 975 1091 cum
1012 1020 1066 1089 diu
1092 1020 1175 1089 clara
1202 1017 1238 1090 ὅ(

237 1118 393 1192 incendio
421 1115 531 1186 similis
562 1108 701 1199 effulsit,
728 1117 820 1211 cogit
845 1117 908 1192 se,
937 1139 975 1186 ac
1004 1119 1183 1197 rotundat,
1206 1114 1239 1188 dt

238 1217 279 1289 sit
302 1217 418 1308 ingens
445 1211 578 1307 globus.
619 1212 691 1283 Diu
718 1213 745 1283 is
774 1234 910 1306 quoque
939 1211 1154 1306 grandis,&
1172 1231 1239 1281 ter-

238 1313 284 1386 ris
307 1313 453 1382 adnexus
477 1324 633 1398 apparet:
661 1309 781 1380 deinde
804 1307 960 1397 paulatim
980 1306 1240 1387 decrescens,&

263 1424 364 1479 nanto
380 1403 561 1484 decrescit,
584 1401 626 1474 eb
644 1407 764 1478 clarior
780 1432 788 1475 ι
802 1406 897 1500 sugat
911 1404 1092 1478 noviffime
1112 1405 1238 1478 nossem

239 1433 278 1576 ds
302 1525 379 1573 cum
404 1501 458 1570 die
483 1500 557 1594 jam·
579 1501 625 1572 sol
650 1505 780 1584 fassus,
801 1502 971 1575 attollitur.
1016 1504 1123 1578 Extra
1144 1501 1237 1572 sinum

240 1596 314 1671 sunt
334 1596 473 1669 Rhetaea
496 1598 626 1679 littora,
652 1600 805 1687 Rhaetaeo
828 1597 1048 1673 &Dardania
1072 1599 1166 1673 claris
1189 1621 1238 1668 ur·

240 1694 364 1767 bibus:
385 1693 497 1787 Ajacis
519 1712 629 1766 tamen
647 1694 821 1789 sepulchro
839 1697 983 1768 maxime
1006 1696 1154 1770 illustria.
1190 1692 1237 1764 Ab

242 1791 294 1863 his
312 1789 350 1861 fit
374 1793 494 1865 arelius
516 1815 630 1873 mare,
654 1818 715 1865 nec
740 1795 806 1889 jam
829 1793 930 1866 abluit
951 1811 1077 1879 terras,
1102 1793 1156 1866 sed
1174 1814 1233 1864 rur·

243 1885 297 1960 sus
319 1887 469 1963 dividens
491 1887 630 1985 angusto
643 1889 973 1984 Hellesponti,'freto
994 1891 1091 1965 littus
1113 1891 1235 1970 obvium
1288 1978 1290 1985 Ι

243 1983 354 2065 facit,
374 2001 412 2058 ut
437 1985 558 2059 iterum
578 2005 698 2070 terrac,
724 1987 787 2084 qui
808 1983 907 2070 fluit,
930 1988 1031 2062 la‘tera
1052 1988 1128 2061 lint.
1288 1998 1290 2003 '

501 2150 813 2264 cneus
857 2180 1000 2279 xix.

407 2320 414 2331 -
555 2370 956 2467 Brrnsurm

304 2565 443 2643 Nterius
473 2564 621 2665 Bythyni
647 2564 741 2649 sunt,
775 2571 811 2644 ὅ(
834 2570 1068 2672 Mariandynei
1086 2598 1096 2643 τ
1117 2576 1168 2646 ‘In
1196 2597 1245 2645 ora

321 2666 435 2742 Graiae
460 2669 580 2749 urbes,
613 2664 773 2761 Abydos,
798 2666 835 2740 ἃ
862 2668 1085 2762 Lampsacus,
1116 2670 1249 2746 Parion,
1286 2700 1289 2705 ·

251 2764 289 2840 ὅ(
314 2765 460 2855 Priapos.
504 2764 638 2858 Abydos
666 2761 779 2856 magni
809 2769 977 2857 quondam
1007 2770 1132 2841 amoris
1156 2793 1250 2838 com-

250 2865 377 2934 mercio
401 2859 535 2956 insignis
560 2859 616 2932 est.
655 2858 853 2950 Lampsacus
881 2863 1031 2937 Pbocaeis
1056 2865 1254 2955 appellanti-

251 2960 315 3031 bus
346 2979 469 3028 nomen
501 2982 543 3030 ex
575 2982 617 3028 en
654 2955 774 3035 traxit,
809 2956 900 3048 qudd
925 2959 1193 3043 consulentibus,
1220 2961 1256 3029 in
1287 2942 1290 3027 l

253 3053 408 3152 quasnam
428 3071 528 3124 terras
549 3054 754 3144 potissimum
769 3057 944 3140 tenderet,
960 3047 1145 3150 responsuiu
1164 3076 1260 3137 erat,

253 3153 313 3225 ubi
342 3150 488 3243 primum
514 3150 676 3231 fulsisset,
702 3150 749 3220 ibi
776 3148 885 3222 sedem
913 3155 1123 3248 capesserent.
1160 3155 1259 3229 Tum

254 3247 364 3324 rursus
381 3247 426 3317 ‘fit
451 3246 604 3340 apertius
619 3272 720 3327 mate¹
739 3250 924 3342 Propontis.
956 3253 1011 3322 'In
1034 3253 1070 3321 id
1095 3252 1258 3327 Granicus

257 3343 457 3425 effunditur,
478 3369 595 3440 pugna
612 3371 687 3438 quae
707 3346 853 3438 primum
875 3345 958 3420 inter
976 3347 1110 3431 Persas,
1126 3350 1164 3423 δι
1186 3347 1258 3420 Ale·

256 3446 421 3517 xandrum
447 3443 533 3523 snit,
557 3441 696 3513 nobilis:
728 3443 836 3516 Trans
862 3469 992 3514 amnem
1019 3444 1111 3517 sedet
1134 3447 1169 3516 in
1192 3470 1258 3519 cer·

257 3541 332 3613 vice
355 3539 533 3632 peninsula
560 3540 755 3636 Cyzicum,
789 3565 913 3612 nomen
943 3541 1093 3636 Cyzicus
1125 3546 1259 3622 indidit,

259 3660 362 3731 quem
391 3635 408 3706 a
433 3636 560 3731 Minyis
591 3636 885 3729 imprudentibus,
915 3662 992 3709 cum
1020 3639 1177 3714 Colchos
1206 3663 1258 3732 pe·

255 3751 386 3810 terent,
413 3734 521 3806 sulum
547 3735 616 3803 acie
642 3734 829 3828 caesumque
855 3733 1043 3825 accipimus.
1089 3738 1170 3811 Post
1196 3739 1258 3809 Pla·

262 3828 338 3919 cia,
360 3826 396 3899 &
421 3832 578 3927 Scylace,
603 3855 712 3922 parvae
740 3831 954 3928 Pelasgorum
980 3834 1134 3907 coloniae.
1180 3834 1270 3926 Qui

261 3927 327 4003 bus
362 3923 380 3997 it
407 3941 504 4027 tergo
532 3929 684 3998 imminet
715 3952 812 4001 mons
846 3932 1048 4026 Olympus,
1082 3951 1122 4005 ut
1151 3932 1261 4001 incola

259 4045 386 4137 vocant
406 4072 420 4115 ,
441 4025 580 4131 Mysius
587 4049 601 4101 ·.
619 4023 652 4099 ‘ts
671 4020 806 4100 bumen
817 4026 1045 4118 mystarum
1067 4026 1105 4099 in
1129 4052 1173 4183 ep
1195 4048 1264 4118 quae

597 4180 601 4186 .
1166 4142 1288 4203 zupus«.
