2859 4709
267 392 319 487 '954
600 385 686 463 Da
737 378 922 471 ΑΜΕ
1030 427 1032 431 ·
1245 485 1252 495 ¹

267 513 431 584 librorum
461 506 658 602 scriptumst
681 507 796 601 saepius
819 528 956 601 peccem
979 509 1073 583 venia
1096 500 1266 591 caroli&

266 608 468 681 citharoedus
482 607 540 700 qui
555 608 678 697 semper
692 608 810 678 'eadem
828 608 957 679 oberrat
972 607 1118 688 chorda,
1136 610 1267 685 ridetus

266 704 305 778 δ(
327 704 533 795 exploditur:
561 703 603 774 stc
625 706 755 787 Po’e'ta,
778 704 834 800 qui
862 702 991 793 semper
1007 703 1128 776 elidem
1147 723 1263 780 rever-²

265 800 366 876 titur,
389 819 597 891 comparatur
613 800 759 873 Chaerilo
780 796 919 890 pellimo
937 803 1073 885 Poe'tae,
1093 820 1217 894 quem,
1236 802 1264 875 li

265 894 318 970 bit
333 915 388 970 aut
404 913 454 966 ter
472 895 593 987 aliquid
612 893 704 969 acuti
723 893 877 987 protulit,
896 897 1020 967 miror:
1039 901 1263 989 quemadmm-

265 996 347 1066 dum
365 992 461 1062 etiam
477 993 633 1089 indignor
649 993 777 1084 quoties
792 993 949 1086 egregius
968 995 1068 1064 Poie'ta
1085 992 1260 1068 Homeru's

265 1090 433 1161 dormitat.
484 1090 628 1161 Notabis
659 1106 769 1160 autem
811 1090 983 1182 quomodo
1016 1089 1273 1180 explanaverint·

264 1185 463 1259 versiculum
485 1204 597 1256 contra
619 1185 769 1255 omnium
790 1186 991 1275 opinionem.
1038 1190 1129 1258 Nam
1159 1190 1264 1261 dictio·

263 1282 506 1380 (quandoque)
522 1283 609 1370 apud
623 1278 803 1375 Horatium
821 1278 948 1371 semper
964 1306 1025 1373 pro
1041 1284 1259 1378 (quotiescum

263 1382 344 1477 qur)
356 1376 522 1466 accipitur.
551 1376 640 1451 Vide
652 1379 762 1447 Odam
774 1379 913 1467 primam
924 1376 1141 1450 &secundam
1155 1384 1263 1474 quarti

263 1476 474 1549 Carminum.
520 1476 663 1564 Expone
692 1475 793 1566 igitur
824 1472 884 1546 alia
911 1473 1167 1565 dispunsiione,
1189 1476 1269 1563 sic,¹

263 1572 547 1667 quemadmodum
563 1570 734 1659 pelfimum
755 1572 890 1642 Politam
904 1573 1029 1650 miror,
1052 1576 1183 1663 quando
1208 1574 1263 1647 bit

263 1687 320 1741 aut
336 1687 385 1739 ter
408 1666 515 1737 bonus
534 1667 600 1747 esl,
625 1667 669 1736 ita
695 1668 851 1763 indignor
866 1666 1127 1761 quotiescunque
1150 1670 1262 1743 bonno

263 1765 419 1860 dormitat
431 1761 614 1834 Homerus.
631 1765 675 1836 Ut
688 1763 815 1858 piilum
830 1763 930 1858 persis
942 1765 1029 1840 Erit,
1042 1781 1112 1858 quae
1120 1763 1153 1860 fi
1167 1788 1260 1865 prop.¹

264 1861 422 1935 Tertium
439 1863 703 1935 documentum,
721 1862 799 1955 quid
813 1865 939 1943 decent,
954 1858 1030 1956 quid
1041 1885 1115 1933 non.
1148 1863 1260 1935 Decet'
1291 1892 1293 1896 ·

263 1959 355 2030 enim
382 1954 584 2028 confiderare
608 1957 641 2025 in
666 1955 765 2025 rebus
788 1957 943 2028 omnibus
971 1957 1175 2028 tolerabilem
1195 1957 1260 2031 esse

262 2053 549 2132 mediocritatem,
574 2076 640 2122 non
664 2068 775 2121 antem
793 2053 826 2121 in
843 2051 957 2144 poe'sr,
981 2072 1054 2143 quae
1078 2053 1136 2127 nist
1158 2055 1259 2127 suerit

261 2152 413 2244 optima,
436 2149 681 2220 contemnitur:
703 2146 844 2219 Causam
863 2149 974 2219 reddit
993 2148 1115 2222 Cicero
1139 2151 1173 2237 in
1192 2151 1263 2225 finr'

261 2247 362 2342 primi
379 2248 420 2316 de
434 2247 529 2316 Orat.
553 2244 735 2338 Aquilius,
749 2244 851 2335 inquit
860 2287 871 2326 ,
881 2246 961 2316 nihil
976 2245 1094 2339 proter
1108 2250 1258 2346 uoluptas

262 2365 326 2417 tem
339 2341 464 2414 aurium
477 2344 640 2435 quaeritur,
649 2341 682 2412 in
697 2340 738 2410 iit
750 2337 1032 2435 offenditur,fimul
1045 2364 1139 2438 atquc
1152 2346 1257 2417 immid

261 2439 376 2517 nuitut
387 2438 509 2532 aliquid
521 2438 559 2510 dc
572 2439 745 2530 voluptate.
775 2436 965 2528 Et'ipsemet
978 2438 1145 2511 Horatius¹
1159 2454 1262 2534 egre,

291 2537 319 2607 ia
335 2536 401 2607 hoc
417 2533 535 2627 probat
551 2532 768 2606 similitudine.
793 2533 912 2625 Quum
929 2551 1037 2604 tamen
1052 2536 1121 2606 hacc
1135 2537 1180 2606 ita
1195 2536 1263 2612 sese'

263 2563 426 2711 subeant,
442 2648 479 2701 uc
493 2632 525 2700 in
545 2627 643 2702 rebus
663 2629 788 2702 caeteris
801 2631 839 2701 srt
856 2627 1023 2701 mediocri
1036 2629 1236 2706 laudandum
1245 2662 1262 2718 ,·

262 2726 301 2803 &
321 2732 424 2801 Poiita
446 2752 513 2801 non
537 2725 595 2797 nifi
624 2728 767 2818 optimus
792 2727 972 2818 probetur}
1002 2747 1110 2798 tamen
1139 2738 1262 2819 omnet'

263 2827 386 2899 audent
399 2824 510 2898 versus
532 2825 680 2920 fingere,
695 2824 731 2896 ἃ
752 2825 926 2918 indignum
946 2840 1083 2915 potant,
1104 2824 1128 2895 st
1143 2825 1260 2916 poesin

260 2923 435 3019 ignorent:
458 2929 561 3012 quum
580 2938 769 2991 ceterarum
783 2939 894 2992 rerum
911 2919 942 2990 se
960 2918 1024 2991 else
1036 2921 1133 2993 rudes
1147 2923 1263 2996 dicere'
1290 2978 1292 2985 -

262 3043 332 3090 non
357 3015 572 3097 erubescant,
598 3038 640 3084 ne
663 3017 827 3087 rideantur
856 3017 897 3087 ab
921 3014 1092 3088 astantium
1121 3018 1258 3092 coronal

262 3115 408 3209 Expedit
426 3113 522 3183 etiam
547 3111 660 3182 Po‘e'tae
689 3130 726 3183 ut
752 3116 904 3182 emender
923 3138 997 3206 quae
1014 3110 1195 3203 scripserit,
1219 3114 1257 3191 ur

261 3214 370 3285 doctis
386 3210 483 3283 etiam
502 3209 603 3279 tradat
619 3208 830 3280 emendanda.
868 3209 1001 3279 Deinde
1016 3233 1058 3278 ne
1076 3211 1258 3301 praecipitet

261 3331 370 3399 opuS,
391 3305 444 3376 sed
462 3306 553 3376 domi
565 3328 627 3397 per
647 3305 770 3395 multos
782 3321 885 3377 annos
898 3311 1056 3383 retineat,
1074 3306 1149 3395 quia
1162 3309 1264 3379 domi*

261 3403 402 3476 subinde
421 3402 618 3496 corrigitur,
639 3399 858 3499 atnposlq'uam
885 3400 1046 3480 evolavit,
1070 3400 1166 3485 nescit
1191 3413 1265 3491 uotr‘

261 3501 347 3597 miffo
364 3501 494 3572 reverti,
529 3499 567 3569 N
570 3523 633 3570 unc
652 3496 730 3570 huic
748 3501 831 3590 parri
849 3502 1044 3569 coronidem
1057 3500 1156 3568 *addit
1175 3500 1259 3572 Ho-

261 3598 363 3671 ratius
376 3599 417 3666 de
430 3594 610 3686 praestantia
631 3589 872 3685 &antiquitate
888 3596 963 3666 artis
984 3594 1127 3664 Poeneae
1143 3595 1261 3687 dispo-²

261 3711 351 3765 tans:
372 3694 463 3788 quod
477 3714 546 3762 non
565 3690 625 3763 alia
639 3688 731 3761 causa
744 3691 844 3772 facit,
858 3690 955 3784 qu'am
968 3710 1005 3763 ut
1025 3693 1064 3760 ad
1081 3715 1151 3761 rem
1166 3712 1261 3783 pru-

262 3791 382 3863 claram
406 3788 526 3860 excitet
549 3786 707 3878 juvenum
734 3790 881 3858 animos:
903 3790 937 3860 dc
961 3800 1010 3857 tot·
1029 3809 1192 3878 praecepta
1216 3811 1259 3860 ne

261 3891 456 3976 pertimeant
474 3884 605 3968 subire,
627 3885 759 3974 quando
777 3886 911 3976 quidem
928 3908 978 3955 ars
994 3883 1057 3974 ipsa
1079 3883 1267 3974 praslantia·

261 3978 319 4053 sua
338 3984 389 4054 his
408 3980 445 4056 &
460 3979 612 4057 maximis
629 3978 698 4051 aliis
716 3977 890 4058 sudoribus
907 3977 1024 4054 nonsit
1045 3983 1189 4075 indigna.

1172 4082 1260 4170 ¹Nn·
