2859 4709
241 397 317 482 134
354 373 389 475 f
431 385 479 474 Q.
517 380 778 458 Hortautr
812 350 1011 456 Fnacct

492 562 935 667 Ecrnatstn

308 753 386 812 Unm
406 764 488 812 antea
508 750 645 828 tragoedia
661 764 720 813 tota
741 747 806 811 effer
825 741 1034 834 lacrymabilis,
1053 743 1086 806 &
1099 743 1193 820 ‘aspei

239 759 373 923 Qut,
402 831 496 905 polita
521 828 667 892 inventum
693 831 732 893 eli
759 832 795 891 ab
820 826 881 900 ipsis
908 827 1012 904 po'e'trs,
1040 829 1187 902 quomodo

236 914 344 974 servata
373 910 508 989 gravitate
535 911 677 989 tragoediae
704 911 797 970 ridere
820 905 922 985 possent
945 902 1094 967 auditores.
1136 906 1188 966 In·.

208 1051 209 1055 ,
235 1009 321 1052 venta
341 991 424 1071 igitur
445 991 503 1048 sunt
525 990 677 1062 Episodia,
696 989 727 1050 id
747 987 913 1067 oll„genus
931 985 1074 1062 quoddam
1098 985 1183 1044 fabu-

234 1070 345 1137 larum,
364 1072 442 1146 quod
462 1088 623 1139 caneretur,
636 1070 694 1131 live
713 1084 841 1148 ageretur
855 1067 930 1126 inter
948 1065 1022 1126 adius
1039 1062 1187 1145 tragoedia·
1208 1089 1210 1097 ·

232 1170 304 1210 rum.
340 1153 397 1209 Sed
418 1149 472 1208 illae
493 1149 594 1208 fabuiae
611 1148 812 1241 interloyandae
828 1145 856 1204 in
870 1146 991 1223 personis
1004 1148 1187 1213 Saturorum,¹

230 1250 278 1290 aur
301 1231 461 1289 Faunorum
490 1232 588 1289 melrus
609 1229 749 1304 explicare
775 1226 958 1294 censuerunt,
980 1226 1062 1302 quim
1082 1223 1110 1284 in
1136 1223 1186 1286 vi-

229 1309 302 1369 lium
322 1308 484 1374 servorum,
504 1311 536 1369 &
556 1327 770 1390 congerronum¹
783 1305 964 1368 sermonibus.
999 1306 1057 1365 Sed
1074 1325 1129 1385 ego
1144 1305 1184 1366 ira

229 1391 315 1467 jubeo
338 1388 386 1445 has
408 1387 530 1448 ustiones
552 1393 715 1450 Saturorum
746 1386 939 1465 attemperari,
961 1401 991 1443 ut
1010 1405 1064 1445 nec
1091 1383 1180 1446 verli-

228 1471 281 1531 bns
300 1466 408 1545 tragicis
427 1469 458 1527 δι
486 1466 584 1528 inflatis
607 1468 772 1536 recitentur,
792 1486 844 1527 nec
866 1464 953 1525 rursus
972 1462 1051 1524 humi
1067 1479 1183 1541 repant,

230 1549 262 1609 δι
282 1549 300 1606 a
319 1547 458 1625 tragoediae
477 1547 613 1627 gravitate
630 1548 790 1611 desciscant.
820 1548 895 1606 -Nec
905 1544 995 1621 etiarn
1019 1544 1124 1611 velim,
1149 1560 1181 1605 ut

228 1626 276 1704 qui
294 1630 382 1686 modo
403 1624 479 1704 agit,
501 1627 547 1688 vel
567 1631 671 1696 deum,
697 1629 746 1691 vel
770 1629 874 1693 heroa,
895 1624 978 1685 'idem
999 1624 1096 1684 humili
1121 1625 1181 1687 set-
1208 1683 1212 1690 ,

228 1725 314 1765 mone
334 1707 438 1764 laturos
458 1725 544 1785 agens
562 1706 728 1773 inducatur,
749 1724 795 1768 aur
819 1706 902 1766 etiam
928 1703 1087 1784 graviifimis
1112 1724 1180 1766 ver·

227 1785 269 1849 bis
288 1788 322 1845 ad
343 1790 447 1851 nubet,
466 1789 495 1846 δ(
523 1786 616 1847 inania
634 1787 742 1849 aetheris
762 1787 890 1846 videatur
912 1784 1035 1844 evolare.
1063 1786 1122 1845 Sed
1139 1784 1179 1846 ita

226 1863 364 1942 tragoedia
387 1864 481 1924 saturis
500 1868 643 1932 intererit,
663 1885 693 1927 ut
712 1883 857 1931 matrona,
875 1885 960 1939 quum
984 1861 1060 1923 festis
1077 1863 1178 1925 diebus

226 1944 298 2004 inter
320 1944 430 2004 villicos
449 1960 481 2004 ut
502 1946 579 2007 saltet
601 1964 696 2026 rogata
713 1982 723 2013 ,
743 1964 801 2003 non
821 1944 914 2009 saltat,
941 1944 989 2004 sed
1012 1958 1180 2021 tamenlpus·

225 2024 433 2180 dibupucum
446 2027 554 2085 decoro
566 2043 704 2084 movetur.
736 2025 824 2097 Quod
844 2022 864 2081 ti
882 2023 961 2085 dicas.
976 2041 1005 2083 te
1023 2043 1080 2085 non
1098 2023 1177 2101 polle

226 2125 291 2166 eom
369 2123 399 2164 re
418 2107 530 2164 Saturos
552 2102 607 2163 fine
628 2103 723 2187 verbis
740 2102 874 2165 inornatis
896 2105 927 2164 8(
950 2102 1177 2172 dominantibus,

223 2182 262 2243 ita
280 2201 310 2242 ut
330 2187 405 2244 clare
424 2186 455 2243 ὃ(
470 2183 562 2260 palam
579 2183 728 2260 unicuique
741 2183 801 2249 rei,
821 2180 903 2242 etiam
921 2183 1065 2252 obscena,
1085 2189 1175 2247 verba

223 2263 336 2338 propria
358 2264 524 2324 reddantur:
545 2264 640 2322 'dicam
660 2263 728 2329 tibi,
747 2262 832 2323 facile
853 2260 906 2323 effe
928 2262 1035 2322 homini
1056 2280 1175 2341 experto
1216 2327 1219 2338 ,

222 2362 266 2404 ax.
288 2342 356 2400 tritis
381 2341 469 2420 vulgo
489 2341 582 2402 verbis
601 2343 657 2405 fine
686 2340 750 2403 ullis
770 2340 941 2404 ornamentis
969 2339 984 2420 (
994 2345 1062 2403 dum
1083 2346 1174 2405 modo

226 2420 329 2483 callida
348 2421 493 2496 jundlurm
519 2438 549 2482 ut
568 2421 626 2483 dixi
653 2442 708 2481 non
738 2421 829 2503 defit)
851 2422 935 2497 telam
959 2422 1033 2495 porse
1056 2434 1173 2493 texere,

221 2521 285 2578 qua·
299 2500 380 2561 facile
401 2500 495 2574 poffint
515 2501 606 2564 Saturi
627 2500 806 2562 discriminari
828 2502 856 2561 in
880 2502 1019 2581 tragoediis
1041 2503 1173 2563 afaeetis

221 2580 346 2658 personis
368 2580 531 2648 servornm,
553 2581 600 2644 vel
628 2583 790 2642 ancillatum
814 2583 844 2641 in'
864 2583 1021 2642 comoediis.
1058 2582 1190 2644 Poffum'

217 2680 274 2737 ego
293 2682 328 2722 err
348 2660 419 2719 notis
440 2660 532 2721 verbis
550 2676 662 2722 carmen
677 2659 828 2740 effingere,
846 2663 921 2740 quod
940 2661 1075 2737 quivisse
1094 2663 1171 2738 poiie

182 2774 185 2779 ·
216 2757 295 2817 potet
316 2740 391 2801 idem
414 2739 550 2801 facillime
569 2740 699 2816 adsequi,
723 2744 769 2800 sed
789 2760 874 2818 quum
893 2741 971 2803 idem
991 2741 1084 2802 facete
1106 2760 1171 2801 ten-

215 2819 333 2883 raverit,
350 2820 428 2880 ludet
448 2841 581 2896 operam,
604 2819 622 2877 fi
643 2835 718 2881 caret
739 2838 806 2881 atre.
840 2825 1039 2896 Quapropter,
1059 2822 1170 2883 eniten-

217 2900 287 2958 dum
309 2896 367 2964 est,
390 2914 420 2956 ur
438 2919 523 2974 quum
545 2903 599 2979 jam
621 2903 752 2968 Saturus,
771 2900 817 2960 vel
840 2903 950 2960 Faunos
971 2901 1120 2962 nudaveris
1137 2901 1169 2962 in

214 2975 374 3055 tragoedia,
394 2997 429 3038 ne
449 2979 597 3055 loquantur
619 2984 731 3054 spurce,
753 2996 798 3039 aut
818 2978 937 3040 trivialia
958 2980 1074 3041 dideria
1098 3001 1164 3042 cre-

215 3075 299 3134 pent,
317 3074 365 3117 aut
385 3055 501 3116 nimium
519 3058 652 3131 juvenilia
674 3059 758 3121 verba
780 3057 909 3121 effutiant.
951 3063 1027 3122 Nam
1048 3059 1082 3120 fic
1106 3082 1166 3121 non

212 3136 304 3196 solum
327 3136 449 3214 equites,
474 3140 505 3200 &
534 3138 640 3217 patricii
662 3136 858 3205 offenduntur,
880 3139 926 3199 sed
948 3161 999 3200 nec
1020 3142 1104 3200 etiam
1128 3161 1166 3202 ex

211 3215 296 3276 trivio
315 3215 467 3284 homines,
494 3219 524 3278 &
548 3216 595 3295 qui
625 3218 699 3279 cicer
719 3216 830 3277 fridum
852 3219 884 3278 ὃ(
906 3239 989 3280 nuces
1009 3219 1165 3293 plebecula

211 3298 359 3436 ffidonr,
378 3295 408 3360 id
430 3294 538 3376 poffunt
557 3302 736 3379 approbare,
754 3312 801 3358 aut
819 3298 937 3372 praemio
946 3301 1073 3379 ‚dignum
1095 3299 1162 3369 exie

275 3394 332 3439 are.

368 3504 999 3603 Aunoannrouas
1105 3584 1112 3598 .

246 3676 312 3756 Agit
338 3679 384 3742 hio
410 3680 539 3775 Horatius
568 3687 607 3749 de
632 3688 770 3767 Episodiis
784 3732 793 3762 ,
819 3713 889 3771 quos
913 3695 1028 3776 Hispani
1056 3707 1160 3764 vocant'

206 3758 380 3837 Beruenses,
401 3783 466 3840 quta
492 3782 563 3826 rntet
584 3769 691 3830 medios
713 3773 790 3832 astus
817 3775 978 3839 inserantur.
1010 3782 1161 3860 EpiJndr'una

204 3834 299 3928 (telle
319 3843 432 3920 Surda)
461 3843 513 3920 rsl„
533 3847 561 3904 ni
583 3860 651 3928 quod
672 3852 827 3920 inducitur,
857 3852 893 3914 ῥ’
923 3860 1044 3925 adiisittrr
1067 3880 1160 3940 prater

202 3916 353 3991 legar-nram
368 3921 582 4000 subulamrisut
598 3932 699 4002 gratia.
735 3929 768 3988 1,
795 3935 935 3996 comoeda
954 3940 1072 3998 callidus
1095 3947 1156 4003 Da·

192 4013 271 4063 vus,
290 4016 337 4059 aut
356 4003 451 4064 audax
470 4005 574 4078 ancille
595 4008 726 4088 Pythias,
745 4030 831 4090 quum
846 4032 972 4079 etuururt
989 4020 1094 4082 talento
1115 4023 1155 4082 se-

1068 4120 1137 4164 llem
1146 4136 1157 4169 a
