2859 4709
311 450 380 508 tn
498 421 1076 516 Q.Hoarr11rtrccr

309 550 459 647 Cogitat,
480 572 515 619 ut
529 547 673 642 speciosa
697 547 811 618 dultinc
832 547 986 616 miracula
1005 547 1153 639 promor,

308 643 888 741 Antiphatemfflapllumqum&cum
898 643 1044 738 Cyclope,
1054 632 1254 710 charibdim

308 747 384 816 Neo
403 743 539 823 reditum
559 745 727 813 Diomedis
746 743 786 807 ab
803 740 935 807 interitu
953 739 1131 830 Meleagri.

309 843 383 912 Nec
404 839 533 933 gemino
555 837 672 906 bellurn
696 835 871 904 Troianum
893 833 1020 902 orditur
1041 835 1081 901 ab
1106 855 1179 902 ovo.
1203 904 1207 917 ,

308 933 438 1029 Semper
462 934 504 1003 od
522 936 664 1005 eventum
678 927 832 1022 fulino:
859 930 900 1003 (9¹
922 932 956 998 in
983 931 1104 997 medias
1127 951 1204 1000 resa

307 1033 389 1102 Non
401 1031 519 1117 secus,
541 1055 577 1100 oc
599 1048 713 1107 notat,
732 1028 908 1095 auditorem
930 1026 1038 1117 rapit:
1056 1023 1097 1097 (θ’
1117 1045 1189 1120 puae

304 1126 463 1220 Despuat
485 1126 624 1196 troilum
653 1119 803 1208 nitescere
820 1120 921 1214 prust,
946 1122 1108 1213 relinquit.

305 1229 416 1314 Atque
440 1223 489 1288 itn
511 1223 681 1289 mentitur:
700 1215 749 1311 fic
771 1221 859 1290 veris
873 1215 962 1304 falso
987 1212 1151 1300 remittet,

304 1319 414 1392 Primo
433 1340 472 1389 ne
496 1314 839 1393 mediummedium
862 1313 1016 1410 discrepet
1042 1315 1151 1384 imum.

449 1485 452 1488 Α
558 1501 997 1584 Eoruuns1n

303 1658 492 1802 POllquam
511 1658 679 1723 ostendimus
698 1661 874 1725 uccellatiam
895 1659 947 1722 elle
970 1677 1075 1728 artem,
1094 1659 1195 1726 rellat,
1219 1664 1250 1722 ut'

373 1743 409 1800 ad
429 1739 493 1806 artis
511 1761 648 1817 praecepta
666 1744 716 1801 rios
735 1743 917 1820 accingamus.
945 1751 1046 1816 Atque
1066 1739 1133 1801 inde
1152 1739 1251 1814 potiit·-

303 1832 382 1878 r'ttum
409 1819 590 1896 incipiamus,
610 1823 686 1896 quod
708 1822 826 1896 primum
844 1837 938 1880 natura
961 1818 1019 1882 est:
1041 1820 1096 1879 hoc
1121 1817 1181 1886 eil,
1211 1821 1249 1883 de

304 1899 419 1960 materia
446 1898 524 1972 ipsa,
551 1900 621 1960 circa
646 1921 728 1976 quam
756 1905 879 1960 vertatur
900 1902 931 1960 ὅ(
961 1903 1062 1971 podta,
1088 1901 1120 1959 &
1143 1914 1249 1958 orator.

303 1981 424 2040 Materia
439 1981 563 2038 Oratoris
585 1979 670 2039 estin
690 1981 787 2048 rebus,
806 1978 878 2043 &in
901 1979 1001 2039 verbis.
1037 1978 1137 2038 Omnis
1156 1995 1249 2044 autent

248 2100 251 2107 =
303 2061 396 2119 oratio
416 2063 468 2133 (ut
482 2079 516 2118 ex
530 2060 681 2118 Rhetotum
702 2059 843 2133 preceptis
865 2059 1056 2137 percipimus)
1076 2059 1185 2118 conllat
1210 2075 1248 2119 ex

304 2139 359 2205 iis,
380 2158 438 2211 quae
461 2135 658 2214 significantur,
675 2153 721 2196 aut
738 2158 773 2197 ex
795 2137 826 2196 iis
850 2159 909 2209 qua
933 2137 1090 2215 fignificant.
1124 2139 1178 2197 Res
1198 2157 1248 2197 vo-

305 2236 341 2276 co
358 2236 460 2277 nervos
482 2217 554 2289 ipsos
581 2216 730 2284 orationis,
757 2219 787 2277 &
814 2217 901 2276 veluti
925 2217 1105 2277 fundrmrnta
1126 2213 1272 2278 edificiit'

291 2299 370 2367 ,Qua
388 2295 417 2353 in
441 2313 517 2375 parte
541 2295 662 2356 maximd
688 2298 720 2356 ὅ(
742 2296 878 2372 praecipue
906 2301 977 2356 ordo
1005 2297 1166 2369 spellandut
1187 2294 1249 2362 eli,

234 2402 238 2409 ·
305 2375 363 2446 Qui
382 2395 440 2436 tem
460 2375 533 2450 priua
555 2376 751 2448 perpenderit,
768 2376 896 2450 &quale
915 2377 1022 2450 pondus
1041 2372 1150 2437 humeri
1171 2373 1249 2436 sulli-

304 2445 385 2515 nerel
398 2454 527 2520 valeant,
547 2455 766 2515 examinaverit:
784 2453 813 2513 in
831 2457 930 2517 ordine
951 2458 963 2535 (
973 2456 1000 2515 in
1025 2477 1080 2531 quo
1106 2455 1188 2515 totius
1205 2453 1247 2515 rei

303 2537 391 2595 cardo
410 2533 524 2595 vertitur
541 2533 555 2614 )
574 2533 689 2594 minime
710 2536 1104 2611 poteritabettate,nedum
1127 2533 1157 2593 in
1181 2552 1249 2594 ver·

170 2641 193 2697 ,i
266 2645 268 2650 ’
295 2614 367 2679 tis,
388 2616 419 2674 ὅ(
442 2614 596 2689 elegantia,
620 2634 679 2690 quae
697 2617 746 2674 sua
763 2615 837 2690 quast
858 2615 954 2691 sponte
972 2615 1094 2675 lucidum
1116 2611 1250 2675 ordinem

304 2692 461 2753 comitatur.
496 2696 533 2754 Et
547 2714 631 2771 quum
644 2694 748 2769 duplex
769 2693 798 2752 lit
817 2696 909 2761 ordo,
919 2696 948 2754 id
963 2691 1003 2756 est
1015 2694 1161 2754 methodus
1177 2691 1246 2753 scm

291 2770 411 2837 ''bendi,
443 2773 525 2833 altera
554 2788 679 2838 natura,
697 2773 847 2847 prudentiae
867 2774 975 2841 altera,
1003 2774 1071 2832 milti
1099 2772 1190 2849 placet
1217 2787 1248 2832 ut

304 2852 385 2922 porta
406 2848 480 2927 (nist
500 2852 640 2913 historiam
661 2852 773 2932 narret)
792 2855 944 2928 prudentiae
965 2855 1130 2914 methodum
1152 2850 1250 2928 sepino

303 2930 459 2998 intueatur,
478 2931 508 2988 id
526 2931 583 3000 est,
601 2937 656 3005 jam
674 2952 748 2991 nunc
769 2932 842 2994 dicat
860 2931 928 3001 illa,
955 2955 1015 3011 quae
1032 2935 1136 2993 debent
1155 2929 1248 2990 statim

304 3009 379 3070 dici:
394 3013 424 3068 dt
440 3009 589 3087 pleraque,
607 3013 666 3071 imo
683 3011 799 3087 plurima
816 3011 940 3080 differat,
957 3033 1017 3088 qnae
1033 3011 1123 3072 omitti
1142 3009 1170 3078 in
1191 3009 1249 3069 ini,

304 3088 366 3157 tiis,
386 3091 418 3150 ὅ(
435 3089 464 3147 in
483 3089 538 3147 ho'c
560 3092 674 3163 praesens
690 3110 796 3168 tempus
812 3093 913 3168 jubeo:
934 3096 1059 3156 ouaedam
1076 3093 1170 3163 itaque
1185 3089 1250 3162 pti-2

305 3188 383 3228 mum
409 3169 608 3238 amplectatur,
631 3174 663 3231 &
688 3172 814 3240 quadam
837 3190 883 3231 aut
904 3172 1025 3247 rejiciat,
1047 3188 1092 3231 aut
1114 3167 1250 3237 differat,

304 3248 351 3324 qui
380 3248 495 3327 grandia
522 3247 662 3320 profitetur
685 3249 713 3309 se
741 3253 958 3317 decantaturam,
999 3253 1065 3322 Quo
1088 3248 1117 3305 in
1140 3257 1248 3327 genere

304 3346 441 3405 proponat
461 3326 509 3386 libi
530 3331 685 3389 Homerum
704 3327 892 3397 imitandum,
918 3331 963 3406 qui
985 3329 1053 3389 nihil
1072 3326 1186 3387 molitur
1207 3327 1251 3386 in-

307 3407 388 3483 epte,
410 3406 456 3486 qui
476 3406 630 3475 mirabilia,
651 3407 785 3487 grandia,
811 3412 843 3470 &
863 3408 994 3485 stupenda
1014 3423 1189 3471 narraturus,
1210 3405 1248 3466 tie

304 3488 436 3551 ordinem
462 3503 640 3559 attemperat,
661 3505 690 3547 ut
708 3492 797 3548 neca
823 3489 914 3561 ptimo
938 3487 1074 3558 principio
1093 3506 1136 3545 trs
1154 3486 1249 3546 dedu-

186 3614 189 3621 .
306 3585 371 3634 cat,
392 3587 444 3628 neo
466 3571 501 3628 ab
519 3567 579 3649 ipsis
601 3565 733 3625 mirandis
751 3567 882 3644 incipiat,
906 3570 955 3628 sed
977 3588 1011 3628 ex
1032 3564 1153 3643 parvulis
1173 3562 1249 3638 quali

235 3711 244 3718 x
306 3646 406 3714 initiis,
432 3649 463 3707 &
490 3645 578 3708 veluti
601 3647 680 3706 sumo
700 3648 737 3707 ad
763 3648 882 3726 speciosa
903 3649 1065 3715 miracula,
1094 3650 1125 3706 δι
1150 3643 1250 3723 ignem

305 3727 546 3802 splendidilltmum
567 3724 774 3806 progrediatur,
801 3744 884 3804 atque
911 3729 948 3786 ita
969 3725 1150 3787 mentitur&
1178 3742 1248 3784 veta

308 3824 373 3866 curn
396 3806 467 3866 fallis
487 3804 601 3872 miscet,
621 3822 651 3865 ut
669 3805 834 3884 principium
860 3806 978 3873 medio,
1000 3808 1031 3873 lit
1052 3806 1176 3875 medium
1198 3801 1250 3863 fini

258 3880 260 3891 '
307 3886 459 3947 concordia
479 3885 676 3945 connectantur
696 3883 862 3945 admirabili.
897 3889 980 3945 Hunc
1008 3885 1090 3964 igitur
1117 3882 1249 3943 ordinent

271 4028 279 4042 ⁹
306 3962 355 4019 tibi
375 3966 462 4035 potius
481 3966 650 4042 sequendum
668 3962 815 4038 precipio,
833 3968 916 4040 quam
936 3965 1032 4030 illum,
1051 3984 1107 4040 quo
1126 3961 1188 4022 usus
1207 3958 1248 4027 est

221 4098 223 4105 .
306 4040 336 4115 5¹³
355 4041 402 4106 sua
419 4044 509 4110 Iliade
530 4047 612 4125 podia
631 4043 679 4111 ille
696 4041 946 4124 tutumloraneus,
966 4062 1053 4125 quum
1069 4041 1106 4107 lic
1124 4040 1250 4180 omipurg

1206 4138 1255 4196 urg
