2859 4709
256 407 328 495 316
460 406 530 477 Iu
579 407 752 479 Aunr
798 359 1086 477 l‘arisrrw

256 529 343 599 diam
369 528 584 621 composituri
611 529 681 602 sunt
708 531 750 599 de
777 520 936 622 Progne,
963 553 1037 623 quae
1064 528 1186 600 marito
1215 529 1251 603 li·

256 624 291 699 lii
320 628 406 696 coeli
434 651 545 698 carnes
567 629 707 698 edendas
730 624 899 717 apposuit,
925 647 979 698 aut
1007 627 1048 696 de
1077 623 1253 721 Thyeste,

255 725 312 792 cui
331 724 451 795 Atreus
467 723 566 794 frater
589 722 695 792 lilium
724 724 949 792 devorandum
977 723 1089 802 dedit,
1113 723 1250 793 recitan-

258 818 333 888 dam
362 818 445 908 soepe
471 819 511 887 ab
539 818 655 891 insulso
684 820 851 913 Glycone.
902 821 960 890 Tu
991 843 1101 910 neque
1134 822 1250 910 premis

258 916 418 987 anhelanti
449 916 527 986 folle
558 938 703 998 ventos,
737 917 816 984 dum
846 913 973 986 serrum
1004 917 1074 1007 igni
1100 919 1249 1007 coquitur

255 1007 291 1077 in
317 1012 472 1094 fornace,
500 1036 560 1082 nec
586 1035 703 1083 rancus
730 1010 838 1082 clauso
865 1035 1035 1083 murmure
1060 1035 1159 1083 more
1184 1036 1249 1083 cor·

257 1106 370 1178 nicum
393 1111 495 1202 garris
515 1112 625 1200 inepte
649 1126 761 1176 tecum
784 1106 884 1200 grave
909 1106 1019 1178 nescio
1044 1110 1136 1198 quid.
1179 1110 1248 1180 Nec

257 1204 396 1275 intendis
423 1224 578 1296 rumpere
611 1200 730 1276 buccas¹
760 1202 901 1276 tumidas
928 1203 1074 1296 seloppo,
1123 1204 1248 1296 Seque·

257 1303 301 1370 ris
325 1301 424 1370 verba
445 1300 537 1390 paci,
552 1301 589 1374 ὅ(
614 1299 691 1371 foro
713 1299 964 1380 convenientia,
982 1301 1018 1374 de
1041 1298 1158 1371 aculus
1178 1324 1247 1373 con·

258 1396 352 1464 cinna
389 1396 542 1467 versuum
571 1393 809 1488 compositione
840 1395 970 1467 ferreris
1000 1420 1059 1466 ore
1088 1397 1248 1477 modico,

259 1492 376 1562 doetus
408 1490 541 1581 c'arpere
566 1494 642 1566 vitia
670 1492 808 1584 pallidos
834 1491 985 1562 homines
1010 1493 1193 1579 facientia,
1218 1494 1248 1569 ἃ

258 1605 372 1658 notare
401 1586 524 1660 liberali
561 1590 640 1681 joco
675 1594 816 1679 culpam.
863 1591 1039 1679 Deprome
1072 1588 1151 1660 hinc
1185 1614 1249 1685 que

259 1685 370 1760 dicas,
389 1685 425 1759 ἃ
446 1687 591 1779 relinque
615 1687 772 1781 Mycenis
797 1683 942 1756 mensam
968 1709 1045 1756 cum
1074 1686 1249 1779 capite,&

257 1779 416 1872 pedibus,
440 1809 476 1854 ac
501 1780 666 1878 cogdosce
691 1780 820 1873 plebeia
843 1782 1004 1858 convivia.

313 1877 396 1947 Non
418 1881 592 1971 equidem,
617 1898 805 1969 preceptor
832 1880 1015 1951 venerande
1045 1877 1166 1968 (dixi)
1192 1877 1251 1951 hoc
1293 1922 1295 1929 ·

259 1974 403 2058 sladen,
433 1997 478 2046 ut·
499 1975 626 2049 bullatis
651 1977 750 2068 nugis
784 2000 858 2045 mea
877 1970 1005 2070 ¹pagina
1030 1993 1192 2069 turgeat,
1220 1975 1253 2050 ὃ(

259 2071 354 2142 sumo
380 2075 456 2142 dare
480 2076 609 2166 pondus
641 2071 760 2142 idonea
789 2071 931 2145 infletur.
980 2072 1141 2148 secreti,
1174 2068 1253 2143 offe·

259 2171 361 2238 cimus
391 2193 476 2238 nunc
513 2167 574 2239 tibi
608 2168 757 2239 animum
792 2168 939 2241 nostrum
974 2169 1253 2250 examinandum,

258 2266 359 2356 idque
385 2264 483 2335 Musa
510 2266 684 2335 incitante:
710 2264 746 2339 ὃς
773 2265 795 2336 ὸ
830 2267 980 2338 Cornute
1007 2267 1142 2344 amice,
1166 2263 1254 2354 'juvat

258 2383 315 2429 me
344 2359 513 2431 oslendere
538 2359 619 2442 tibi,
645 2380 761 2454 quanta
783 2385 855 2452 pars
880 2361 997 2433 animae
1018 2384 1103 2433 meae
1122 2358 1161 2431 stt
1184 2380 1253 2433 tua:

259 2455 367 2548 pulsa,
395 2453 430 2528 ὅς
457 2459 608 2550 inquire,
631 2476 667 2528 ut
689 2458 746 2549 qui
768 2478 882 2530 cautus
903 2481 960 2535 es,
982 2456 1017 2530 dc
1043 2456 1172 2548 peritus
1195 2454 1253 2528 dis·

259 2578 416 2633 cernere,
435 2579 508 2645 quae
532 2554 630 2625 verba
649 2553 894 2644 proficiscantur
913 2577 956 2624 ex
981 2553 1108 2645 integra
1129 2572 1256 2632 mente,

261 2649 297 2723 ἃ
322 2676 395 2744 quae
425 2674 468 2722 ex
489 2646 669 2723 adulatricis
696 2650 817 2744 linguae
841 2669 1012 2743 praetextu.
1051 2651 1130 2744 Ego
1145 2647 1258 2720 ausim

260 2743 314 2815 hic
344 2756 456 2838 optare
488 2768 624 2818 centum
655 2770 782 2828 voces,
816 2765 852 2818 ut
883 2748 1076 2838 depromam
1107 2771 1192 2838 pura
1225 2745 1260 2819 δί

195 2874 198 2881 ·
259 2840 351 2911 fideli
382 2867 497 2926 voce,
527 2861 683 2935 quantum
713 2841 804 2914 infixi
835 2841 917 2912 mihi
945 2843 976 2911 in
1009 2844 1159 2933 pedlore
1181 2867 1260 2913 meo

262 2938 383 3009 amotis
406 2942 584 3032 gratiaque
611 2938 744 3029 capaci,
763 2939 799 3011 ὅ(
818 2939 918 3008 verba
945 2940 1096 3032 detegant
1122 2937 1191 3007 hoc
1213 2958 1263 3010 to·

262 3051 362 3114 tum,
390 3038 482 3126 quod
506 3058 573 3104 non
604 3034 782 3105 enarrabile
807 3036 1016 3106 reconditum
1045 3033 1150 3103 estin
1179 3036 1262 3106 inti-

260 3131 323 3199 mis
354 3131 461 3202 cotdis
487 3133 555 3202 mei
588 3128 823 3221 penetralibus.
875 3130 965 3202 Cum
1000 3129 1147 3222 primum
1177 3156 1262 3223 praa·

229 3240 231 3243 ’
261 3243 349 3297 texta
375 3253 393 3298 a
421 3251 480 3297 me,
501 3218 623 3320 paiido
648 3224 684 3298 δι
711 3224 769 3298 sub
799 3224 940 3298 cullodis
966 3226 1107 3318 imperio
1144 3227 1262 3299 conlli·

261 3340 334 3392 tuto
367 3323 510 3411 deposita
547 3324 623 3402 est,
653 3322 688 3396 δι
725 3322 812 3394 bulla
844 3325 977 3400 donata
999 3321 1172 3400 Laribus,
1207 3322 1262 3417 qui

260 3421 383 3492 caninis
409 3420 514 3491 induti
541 3416 682 3511 pellibus
714 3418 965 3511 succinguntur,
982 3421 1140 3510 pependit
1151 3423 1168 3489 ι’
1186 3442 1261 3491 cum

262 3515 370 3586 blandi
399 3517 564 3598 comites,
589 3515 625 3591 dr
652 3539 733 3605 pura
759 3515 923 3609 virilisque
953 3535 1032 3609 toga
1055 3515 1174 3587 induta
1198 3515 1262 3608 jam

248 3611 477 3706 ‚permiserunt
510 3635 566 3683 me
601 3613 714 3703 vagari
749 3611 887 3707 licenter
918 3637 975 3704 per
1002 3629 1105 3682 totam
1135 3611 1263 3682 Subur·

261 3732 360 3779 ram:
390 3710 427 3783 &
456 3718 534 3783 cum
560 3709 620 3779 iter
650 3708 812 3780 incertum
843 3707 917 3788 est,
946 3711 1105 3784 &error
1136 3705 1263 3778 nescius

261 3829 349 3877 verae
372 3811 447 3881 vitae
468 3807 598 3878 diducit
627 3805 755 3878 animos
781 3804 959 3898 ambiguos
985 3805 1176 3881 inlocum,
1204 3802 1262 3874 ubi

262 3901 393 3975 diversis
424 3905 487 3977 viis
521 3900 748 3981 coeuntibus,
777 3900 873 3972 uariae
902 3904 1075 3994 capiuntur
1102 3898 1263 3971 delibera-

261 3996 394 4074 tiones:
420 4024 441 4072 o
480 4001 658 4082 Cornute,
685 3995 841 4093 supposui
867 4020 922 4070 me
950 3999 1021 4071 tibi.
1070 3997 1133 4070 Tu
1167 3994 1262 4101 susci·

267 4118 271 4125 '
661 4129 665 4137 ’
1001 4104 1004 4111 ’
1218 4108 1267 4189 prs

1053 4250 1068 4289 Ι
