2859 4709
380 372 971 458 Asnoeser‘onss.
1108 403 1178 476 241

169 506 299 587 Martis
312 510 534 593 'comtemnit,
557 515 635 586 diris
658 513 948 606 imprecationibus
970 511 1002 580 in
1026 513 1177 587 lusorem

174 606 308 680 aetate
332 608 458 679 demisit
479 609 497 679 ‘e
522 607 677 703 scopolo:
702 613 775 680 alii:
797 612 890 681 Mars
911 625 1038 699 patrem
1060 614 1179 683 occidit

177 724 319 782 atnatae,
341 705 436 794 cujus
450 725 594 780 mortem
606 709 715 797 puella
732 701 878 775 dolense
899 729 980 793 rupe
997 702 1029 771 se
1050 708 1181 801 dejecit.

225 819 310 892 215.
334 802 419 873 Fata
434 801 492 870 ridi
505 807 680 895 occurrat.)
705 802 875 897 Paphages
891 802 1079 872 Ambraciae
1097 827 1179 886 rex,

176 918 283 987 quum
307 894 463 969 incidillet
489 896 521 966 in
547 900 683 972 leaenam
709 900 847 978 foetam,
867 900 900 966 in
920 895 1024 968 hortis
1047 895 1112 969 suis
1135 898 1178 975 ab

175 1012 217 1063 ea
239 991 287 1063 est
312 994 513 1064 dilaceratus.

226 1106 309 1182 215.
334 1089 465 1182 Quique
478 1090 897 1187 Lycurgidemlaceravir.)
925 1090 1106 1184 Nugantur
1123 1091 1178 1163 hic

176 1182 373 1276 interpretes
396 1185 525 1255 Urceus
556 1187 689 1258 Codrus
710 1187 857 1272 sermone
876 1209 906 1259 1.
931 1187 967 1259 δί
992 1190 1179 1281 Egnatius,

177 1276 218 1353 &
241 1278 391 1353 Fanensis
421 1284 462 1350 de
495 1284 620 1352 Ancaeo
656 1285 831 1378 Lycurgi,
860 1282 894 1352 d<
923 1285 1082 1353 Antinees
1107 1284 1178 1355 filio

179 1378 311 1450 Arcade
337 1381 615 1467 interpretantur:
644 1381 685 1448 de
719 1402 786 1465 quo
813 1376 980 1448 Pausanias
1012 1383 1045 1449 in
1063 1387 1181 1452 Arca-

179 1475 266 1547 diris
293 1478 336 1546 ita
360 1472 475 1543 scribit
521 1475 697 1568 Lycurgus
718 1475 803 1544 filios
835 1475 946 1546 habuit
976 1478 1078 1558 duos,
1104 1482 1181 1549 An-

178 1592 312 1654 caeum,
326 1568 364 1644 δι
376 1569 570 1659 Epocbum:
589 1570 748 1661 Epochus
765 1569 884 1639 morbo
902 1570 947 1639 ell
970 1572 1180 1661 ablumptus:

166 1666 333 1739 'Ancaeus
354 1690 455 1755 quum
477 1667 695 1756 expeditionis
720 1666 887 1739 Colchica
911 1667 1071 1757 particeps
1100 1668 1180 1741 fuis·

178 1758 253 1840 set,
266 1788 304 1833 ac
320 1763 434 1832 deinde
446 1762 627 1856 Meleagro
641 1764 674 1832 in
695 1787 806 1857 pugna
820 1761 985 1835 Calidonii
1005 1763 1074 1853 apri
1100 1790 1181 1853 ope·

179 1880 256 1927 ram
279 1856 436 1941 navasset,
460 1858 501 1928 ab
523 1864 638 1937 eadem
657 1857 771 1931 stratus
787 1857 893 1931 bellua
914 1857 1080 1930 occubuit.
1103 1861 1179 1933 vide

181 1954 285 2025 Osid.
313 1958 454 2026 Metam.

180 2074 184 2081 ·
228 2056 274 2121 Er
304 2051 416 2123 ardore
444 2051 593 2139 natum.)
620 2050 689 2122 Hic
713 2049 777 2122 fuit
804 2051 942 2121 Adonis.
971 2049 1047 2123 vide
1075 2050 1182 2123 Ouid.

179 2150 267 2221 Met.
293 2149 329 2224 dt
354 2143 536 2236 Aphthonii
561 2147 851 2245 progymnasmata.

230 2261 311 2337 215.
337 2246 529 2337 Idmonaque
541 2246 721 2338 audacem.)
740 2244 861 2315 Idmon
876 2239 1182 2332 Alleriae&llpol·

183 2336 255 2410 linis
277 2340 363 2410 filins
392 2363 477 2411 unus
506 2337 567 2407 fuit
599 2363 641 2408 ex
671 2341 899 2432 Argonautis,
923 2340 959 2415 δι
985 2342 1072 2431 apud
1096 2341 1183 2412 Ma·-

183 2436 350 2506 tiandinos
386 2438 428 2507 ab
459 2458 537 2525 apro
575 2434 740 2525 perculsus
775 2435 923 2507 interiit:
958 2454 1053 2505 vorat
1085 2437 1182 2504 illum

180 2536 283 2623 poe'ta
307 2531 486 2612 audacem,
512 2528 586 2624 quia
614 2556 717 2623 quum
740 2527 829 2600 l'ritet
855 2531 886 2602 le
915 2533 945 2598 in
967 2531 1019 2598 illa
1045 2529 1184 2618 expedi-

181 2630 274 2699 tione
297 2627 391 2716 (erat
413 2628 502 2698 enim
524 2628 640 2717 vates)
661 2627 867 2717 periturum,
891 2626 1104 2694 nihilominus
1127 2646 1184 2694 cx-

182 2725 386 2816 peditionem
405 2748 473 2793 non
495 2723 705 2793 detredlavit:
741 2724 850 2793 lorum
877 2726 1010 2791 Senecae
1035 2718 1184 2790 correxi·

180 2844 260 2891 mus
284 2821 319 2888 in
346 2822 616 2890 Aunotationidus
639 2822 678 2889 ad
702 2818 793 2889 stlves
815 2819 971 2887 Politiani.

235 2934 317 3006 215.
345 2916 436 3009 Isque
452 2917 503 2986 vel
522 2915 714 3013 exanimis.)
740 2916 913 2985 Diodorus
934 2913 1061 2985 Siculus
1085 2916 1138 2985 lid.
1149 2932 1189 3009 4.·

182 3016 227 3084 de
255 3012 411 3084 Herculis
431 3011 620 3091 laboribus,
644 3034 711 3105 cap.
727 3033 759 3086 z·
789 3013 861 3081 laiac
887 3010 1040 3103 diprcffirr
1072 3012 1187 3101 (Her-

184 3111 298 3200 cules)
323 3114 470 3202 pervenit
497 3113 540 3178 ad
568 3113 725 3200 quandam
750 3108 783 3177 in
804 3130 887 3202 agro
903 3107 1186 3195 Poffia'oniacorum

177 3224 331 3299 petram,
352 3202 406 3271 udi
424 3202 616 3294 fabulantur
638 3206 824 3273 miraculum
849 3204 1007 3294 quoddam
1031 3200 1185 3291 accidisse.

183 3306 266 3375 Erat
281 3318 414 3371 venator
426 3303 461 3368 itr
473 3301 624 3395 regione,
636 3325 706 3393 quae
719 3300 836 3369 dieitur
845 3298 1077 3393 Andrugarlria
1087 3300 1185 3384 ,soli-

185 3421 239 3471 tur
256 3417 373 3472 antea,
389 3417 496 3465 earum
510 3419 580 3490 quae
599 3417 726 3492 ceperat
748 3395 877 3489 capita,
899 3419 937 3466 ae
957 3392 1055 3488 pedes
1070 3396 1188 3464 Dianae

184 3495 295 3566 dicata
319 3490 484 3562 ardoribus
510 3487 668 3587 affigere,
698 3515 792 3584 quum
817 3513 928 3585 aprum
949 3494 1109 3580 ingentem
1138 3512 1191 3559 ce·

182 3587 292 3686 piffrt,
319 3610 468 3660 contenta
492 3592 566 3658 Dea
592 3589 658 3668 air,
675 3585 709 3672 [e
736 3607 829 3679 caput
847 3586 952 3673 solum
984 3586 1186 3652 dicaturum:

185 3706 339 3781 quumque
355 3681 505 3778 suspenso
530 3685 634 3778 cupite
662 3683 701 3753 ad
725 3682 839 3751 ardore
864 3679 1017 3777 quispiam
1039 3679 1191 3747 meridia-

182 3806 262 3855 num
280 3780 424 3865 somnum
437 3779 501 3867 sub
522 3780 636 3850 ardore
658 3775 812 3877 petiiq'ets
838 3772 1008 3848 dormienti
1033 3792 1127 3864 caput
1149 3774 1191 3842 li-

207 3875 313 3948 aculis
339 3873 489 3969 difflalmis
515 3873 656 3948 inridens
682 3877 781 3948 vitam
817 3871 945 3945 ademit.
993 3869 1111 3941 Saevi:
1138 3868 1193 3941 alii
1259 3889 1269 3901 ¹

230 3972 310 4043 bent
331 3970 409 4061 fixi.
1137 4018 1140 4026 ·

230 4066 542 4163 FuSanb'riiOper.
567 4069 720 4143 Tomll.
844 4062 883 4157 Q
1029 4057 1196 4151 215·Al·.
