2859 4709
322 423 326 429 ·
422 403 984 482 Dennnaroeeset:
1105 433 1245 509 109¹

221 531 264 599 In
285 525 404 598 vitium
428 531 518 601 ducit
540 532 642 626 culpae
655 522 815 626 fugu‚'fi
840 555 925 604 caret
952 555 1032 604 arte.
1186 543 1275 603 minas

220 626 396 695 AEmilium
417 627 501 697 circu
524 630 633 700 lucium
648 625 1075 722 intermisceamus
1185 627 1279 700 “tells

221 721 413 809 Exprimet‚
433 718 475 793 ss
494 726 605 795 molles
627 726 803 794 imitabitur
826 749 891 796 acre
914 727 1059 819 capillos·
1184 720 1269 777 qm

219 813 344 903 Infelix
367 818 473 912 operis
488 820 634 905 summa,
660 824 736 914 quic
759 841 877 916 ponere
902 843 1004 890 totum
1085 872 1088 879 -
1183 799 1279 936 :pm

220 913 377 996 Nesciet!
397 915 497 985 Hunc
516 941 575 1011 ego
593 942 641 987 me
663 914 711 1010 (fi
725 916 809 1011 ⁴quil
832 938 1018 1011 componere
1036 916 1167 1009 turem)
1183 942 1272 998 rotare.

220 1008 299 1078 Nou
321 1013 427 1102 magis
448 1009 509 1106 effe
534 1016 647 1094 velim,
670 1039 764 1106 quum
788 1035 893 1108 pravo
916 1014 1026 1082 vivere
1046 1015 1119 1101 truso
1163 1051 1165 1056 s
1185 1015 1279 1084 Quinti

222 1104 462 1199 Sptslurtdum,
484 1107 589 1203 nigris
612 1111 741 1188 oculis,
764 1115 920 1205 nigroque
942 1111 1079 1206 capitio,
1181 1095 1279 1254 ’ἔθιζε

273 1283 276 1286 ’
371 1326 376 1330 ·
474 1301 908 1386 Ecruunsrs

287 1478 352 1535 Une
372 1476 409 1536 de
433 1479 501 1535 Arte
525 1474 599 1552 ipsa,
621 1476 653 1535 &
676 1477 734 1550 ejus
758 1474 907 1536 necestitate
928 1495 1015 1552 pauca
1036 1474 1164 1552 prulibe³
1271 1509 1274 1512 ·

301 1575 395 1622 mus,
417 1557 539 1615 crassius
571 1553 646 1615 enim
672 1554 767 1628 pollea
795 1556 892 1613 dietim
916 1557 1014 1613 sumus.
1055 1561 1106 1612 Ars
1130 1560 1163 1616 ὅ(

220 1639 416 1711 praecepta&
441 1636 502 1694 Piso
521 1651 597 1710 paret
618 1636 650 1694 ὃ(
674 1632 785 1692 Pisones
807 1633 854 1693 tali
874 1652 949 1707 patre
970 1633 1020 1693 filii
1043 1635 1163 1710 digniffi-

220 1710 279 1773 mi,
302 1714 375 1770 adeo
400 1714 541 1774 necessaria
569 1715 647 1778 sunt,
668 1728 697 1770 ut
719 1714 802 1771 etiarn
824 1713 853 1769 iu
874 1714 1004 1772 virtutum
1031 1717 1163 1786 operibus

219 1791 416 1866 aggrediendis
435 1793 461 1850 in
479 1809 588 1871 promtu
604 1791 636 1849 sit
652 1811 786 1865 peccare,
806 1780 884 1857 salli,
901 1793 1011 1866 decipi,
1031 1794 1079 1850 nist
1099 1814 1161 1853 reru

216 1888 278 1929 arte
299 1872 416 1939 trasies,
432 1874 463 1933 bt
482 1875 621 1951 preceptis
641 1871 810 1947 guberneris.
845 1872 963 1931 Resium
983 1891 1076 1932 tenere
1100 1873 1161 1932 cla·

218 1967 285 2006 vum
305 1971 403 2011 onmes
428 1951 578 2029 dupinius,
606 1953 654 2012 sed
673 1950 828 2026 decipimur
848 1950 938 2025 specie
958 1950 1037 2012 resti.
1070 1951 1160 2011 Nulla

217 2027 291 2087 enim
313 2030 397 2089 virtus
418 2032 477 2096 est,
501 2053 560 2106 quae
582 2031 629 2091 libi
640 2029 825 2105 'conjunslurn
844 2029 942 2089 vitium
963 2050 1019 2086 non
1040 2029 1160 2096 habeat,

217 2125 244 2164 ut
267 2109 418 2170 liberalitas
442 2109 610 2172 effusionem.
644 2110 691 2168 Sic
712 2113 741 2167 in
762 2111 912 2186 generibus
934 2107 1070 2168 scribendi
1094 2127 1158 2184 per·

216 2185 286 2246 lesia
314 2191 399 2248 virtus
421 2189 460 2249 eli
477 2193 619 2257 Brevitas,
639 2190 709 2248 hanc
726 2190 773 2263 qui
790 2188 866 2264 cupit
879 2190 1106 2264 apprehendere,
1128 2186 1159 2245 in

217 2266 410 2330 obscuritatem
433 2270 564 2337 incurrit,
587 2269 615 2326 fit
629 2290 683 2343 qua
707 2285 764 2328 arte
786 2267 833 2327 has
852 2262 1018 2336 'discerntt,
1040 2268 1159 2346 ignorat.

215 2347 350 2407 Praetetea
370 2368 423 2408 tres
443 2349 519 2414 sunt,
539 2369 575 2409 ex
595 2349 750 2410 Rhetorum
770 2346 917 2414 sementia,
936 2349 1074 2410 scribendi
1096 2348 1160 2406 cha·
1234 2379 1259 2396 κ

216 2427 343 2486 rasicres.
379 2431 458 2487 Nam
477 2429 583 2492 tenuis,
603 2433 634 2488 b<
654 2426 761 2503 gracilis
782 2428 821 2485 est
841 2428 941 2504 llylus,
963 2446 1075 2492 acutus,
1095 2446 1160 2485 om·
1177 2465 1279 2521 Cimo:

216 2505 260 2564 nia
280 2509 403 2573 docens,
423 2529 477 2566 non
498 2505 683 2582 amplificans,
705 2505 794 2564 subtili
814 2505 1158 2583 quadam&ptelsa0ra-
1198 2545 1202 2555 .
1276 2575 1278 2582 Α

216 2583 289 2644 tione
312 2587 429 2645 limatus.
464 2585 512 2648 Est
535 2591 566 2646 ὅ(
590 2587 658 2646 alius
679 2585 762 2663 llylus
781 2585 901 2662 plenus,
921 2607 986 2644 cum
1010 2584 1103 2658 ampla
1125 2586 1155 2643 ὃ(
1174 2561 1275 2676 {usim

214 2666 408 2724 sententiarum
426 2667 579 2744 gravitate,
597 2669 628 2725 ὅ(
642 2665 968 2739 majestatevesborum,
989 2664 1158 2743 vehemens,²
1190 2642 1217 2681 α’

214 2745 321 2808 vatius,
341 2745 484 2820 copiosus,
503 2745 612 2821 gravis,
639 2746 674 2804 ad
693 2747 947 2819 permovendos&
969 2761 1155 2801 commoven-

213 2822 263 2881 dos
285 2824 392 2884 animus
410 2825 563 2884 instruslus.
599 2824 646 2883 Est
667 2826 696 2883 ὅ(
718 2822 892 2900 aliuskllylus
912 2822 1091 2896 interieslus,
1110 2821 1156 2880 in-

213 2904 382 2970 termedius,
409 2905 440 2964 &
469 2903 542 2980 quast
564 2919 729 2977 temperatus
753 2922 787 2961 ex
808 2921 945 2976 utroque,
967 2901 1071 2960 vicinus
1093 2923 1155 2960 am·
1221 2971 1223 2974 v

213 2980 334 3049 borum,
354 2982 491 3058 utriusque
508 2982 659 3058 particeps,
679 2983 725 3040 vel
744 2980 833 3056 potius
850 3001 964 3055 expers,
982 3002 1038 3041 uno
1056 2998 1154 3042 tenore

210 3059 238 3118 in
261 3060 382 3135 dicendo
401 3063 507 3127 fluens,
535 3059 703 3121 ornamentis
726 3060 843 3120 modicis
866 3065 1017 3120 verborum
1043 3064 1154 3120 lenten-

209 3140 366 3216 tiatumque
385 3142 540 3202 orationem
561 3142 706 3214 pitiutans.
734 3142 801 3199 Haec
820 3140 963 3200 Rhetores.
992 3141 1027 3196 ln
1046 3140 1087 3199 his
1102 3139 1154 3198 tri-

210 3220 260 3279 bus
276 3221 354 3299 stylis
374 3222 410 3278 fic
430 3240 569 3294 peccatur.
600 3226 653 3280 Pro
674 3220 769 3278 medio
791 3219 863 3296 stylo
884 3221 914 3280 ὅ(
933 3218 995 3277 loevi
1018 3238 1153 3279 enervem

210 3297 358 3361 scribes&
375 3299 472 3360 animis
491 3299 620 3359 deficies
648 3303 701 3356 Pro
721 3299 819 3377 grandi
838 3301 870 3358 ὅ(
887 3297 996 3365 sublimi
1011 3300 1152 3377 turgidum

210 3377 241 3437 ἃ
263 3379 402 3438 tumidum
425 3379 576 3439 exercebis.
609 3383 663 3438 Pto
683 3377 759 3436 tenui
781 3380 814 3437 ὅ(
836 3378 933 3455 gracili
953 3376 1044 3452 (dum
1067 3379 1148 3437 times

207 3457 340 3532 profundi
363 3459 452 3534 pelagi
476 3459 631 3531 procellas,
662 3459 794 3516 &simul
815 3478 849 3516 ne
872 3457 900 3516 in
928 3456 991 3515 litus
1015 3456 1164 3532 impingas

208 3536 306 3616 caves)
321 3539 408 3609 serpes
422 3539 517 3604 humi,
531 3539 562 3596 &
577 3538 605 3594 in
618 3537 726 3596 harenis
740 3537 844 3595 haerens
855 3538 986 3616 cymbam
1007 3536 1152 3606 impellere

208 3633 262 3673 non
279 3618 392 3689 poteris.
419 3618 570 3678 ¹Postremo
595 3637 679 3690 quum
703 3616 821 3675 varietas
841 3616 926 3675 virtus
951 3613 986 3671 fit
999 3614 1035 3670 ad
1055 3613 1152 3681 delet-j

209 3697 326 3754 renium
349 3698 503 3773 precipua,
522 3714 551 3756 tu
573 3715 624 3763 pro
648 3695 782 3756 varietate
802 3692 954 3755 monstrose
975 3691 1151 3764 Delphinum

208 3775 334 3853 appingis
349 3778 380 3836 &
395 3796 476 3847 apros
496 3775 631 3835 iusiibus.
663 3775 760 3848 ltaque
779 3775 846 3832 dum
870 3772 969 3830 vitium
991 3769 1079 3831 vitare
1097 3791 1152 3831 vo·

207 3851 298 3928 lumus
319 3855 365 3930 (fi
385 3873 443 3915 arte
465 3852 613 3934 caremus)
635 3853 663 3912 in
682 3857 793 3933 culpam
814 3850 967 3911 incidimus.
996 3850 1061 3906 Nec
1080 3869 1151 3910 vero
1215 3870 1217 3876 ·

208 3933 326 4006 peritum
350 3935 413 3994 artis
441 3935 491 3993 rite
516 3934 652 4010 possumus
672 3931 814 4006 appellate
839 3951 924 3996 eum,
943 3928 988 3996 qni
1010 3930 1095 4002 perite
1117 3932 1152 3990 &

203 4013 245 4091 ‚td
261 4032 390 4095 unguem
409 4015 538 4095 exprimit
560 4012 709 4077 statuarum
730 4011 821 4090 capita
848 4012 886 4111 ὃ(1
901 4007 1002 4082 molles
1021 4010 1155 4150 capillesi

984 4122 986 4126 '
1106 4107 1141 4157 ,Π
