2859 4709
229 496 297 576 572
423 472 790 545 Ponteorttr
838 425 1035 556 Ill-zara

226 603 283 675 dio
307 597 391 671 mari
415 597 556 692 ingens,
583 595 620 669 dt
646 600 782 664 centum
805 593 974 684 quondam
993 583 1142 663 'urbibus
1164 589 1226 662 hai

224 696 324 770 bitata
359 697 488 773 Crete,
522 697 564 766 ad
598 689 763 762 orientem
800 691 1076 781 promontorium
1109 690 1226 762 Samo·

226 796 347 875 nium,
375 794 417 863 ad
452 792 660 863 occidentem
695 792 778 878 Κριοῦ
799 794 924 871 utrum
959 785 1132 865 immittit,
1173 783 1231 856 nlst

202 890 336 982 major
365 886 466 968 ellet,
501 887 620 984 C'ypro
645 885 784 962 fimitis,
818 884 930 957 multis
956 880 1150 978 famigerato
1174 881 1233 953 fa-

226 986 341 1067 bulis,
380 987 524 1058 adventu
565 985 743 1072 Europae2
790 977 962 1072 Pasiphaes
1001 976 1041 1054 ὃ(
1079 979 1232 1052 Ariadna

228 1085 416 1161 amoribus,
436 1082 623 1153 Minotauri
651 1079 778 1149 feritate
801 1077 959 1168 fatoque,
973 1078 1102 1150 Daedali
1120 1076 1233 1170 operi·

231 1179 348 1254 bus&
362 1179 466 1270 fuga,
492 1192 564 1247 tum
590 1175 725 1246 statione
752 1190 850 1268 atque
867 1192 1000 1256 morte,
1020 1174 1159 1246 maxime
1182 1193 1237 1244 ta·

230 1296 309 1348 men
338 1300 379 1345 eo
409 1274 500 1366 quod
528 1269 575 1341 ibi
600 1271 712 1362 sepulti
741 1271 836 1352 Jovis
864 1295 951 1363 pene
979 1274 1105 1344 clarum
1135 1269 1238 1344 velli·

231 1376 326 1469 glum
361 1369 569 1459 sepulchrum
600 1369 671 1452 est,
701 1368 755 1440 cui
784 1392 909 1439 nomen
938 1367 1012 1460 ejus
1040 1369 1239 1460 insculptum

233 1469 296 1540 esse
323 1467 444 1538 accolae
468 1463 652 1537 ostendunt.
700 1464 844 1537 Urbium
872 1466 1053 1536 notiffimae
1082 1464 1237 1547 Gnoses,

231 1568 407 1660 Gortyna,
435 1561 583 1657 Lycios,
607 1561 788 1659 Lycallos‚
816 1553 1039 1654 Holopixos,
1071 1562 1237 1647 Phellos,

232 1662 378 1758 Cydon,
410 1656 637 1737 Manethula2
662 1661 845 1756 Dictynna.
891 1662 984 1732 Inter
1013 1661 1124 1734 colles
1155 1663 1237 1754 quod

233 1757 282 1833 lbi
306 1758 467 1829 nutritum
502 1759 624 1838 Jovem
652 1759 863 1848 accepimuS,
894 1759 979 1829 fama
1005 1758 1094 1829 Idaei
1122 1763 1234 1831 montis

235 1857 377 1926 exrellit.
428 1857 540 1936 Juxta.
563 1851 610 1924 est
650 1854 844 1947 Allipalea,
882 1856 1141 1938 Naumachos,
1171 1857 1235 1926 Ze·

233 1952 368 2049 phyre,
401 1951 523 2032 Crise,
550 1951 727 2032 Gaudos,
757 1949 793 2023 &
821 1975 900 2045 quas
930 1952 1148 2048 Musag-‘tros
1178 1979 1236 2025 nu·

233 2071 331 2119 mero
361 2070 426 2118 tres
457 2072 527 2119 uno
555 2058 671 2118 'tamen
705 2049 868 2119 vocabulo
904 2052 1069 2142 appellant
1097 2078 1107 2119 z
1152 2070 1237 2144 atque

235 2150 324 2216 unde
355 2145 535 2235 Carpathio
565 2148 644 2214 mari
673 2171 864 2239 cognomen
891 2147 937 2217 est
961 2147 1167 2238 Carpathos.
1199 2146 1235 2215 ln

235 2243 340 2314 Adria
373 2242 542 2324 AbsoroS,
570 2241 751 2324 Celaduse,
780 2241 956 2340 Absyrto,
985 2242 1077 2325 lita,
1107 2247 1237 2316 Troco·

235 2362 322 2421 nes,
352 2338 510 2433 Hydria,
538 2340 746 2422 Electrides,
773 2344 866 2435 nigra
896 2342 1071 2436 Corcyra,
1105 2343 1238 2437 Tragu-

235 2436 349 2514 rium,
383 2437 564 2506 Diomedia
580 2446 605 2511 ‚l
621 2435 739 2506 AEllria
762 2481 771 2517 ,
796 2436 920 2518 Alme,
954 2460 1053 2530 atque
1079 2459 1122 2510 ut
1164 2442 1241 2510 Ale·

235 2532 402 2615 xandriae,
425 2534 468 2602 ita
493 2532 676 2603 Brundulio
698 2531 847 2626 adjacens
870 2534 1003 2607 Pharos.
1048 2535 1163 2608 Sicilia
1189 2540 1243 2628 (ut

236 2629 376 2719 ferunt)
403 2631 578 2719 aliquando
604 2629 798 2708 continens,
824 2632 860 2703 dt
889 2656 971 2725 agro
998 2634 1121 2703 Brutio
1148 2658 1244 2703 anne·

238 2747 304 2797 xa:
334 2727 412 2818 poll
442 2726 529 2798 freto
565 2729 662 2796 maris
696 2726 799 2794 Siculi
829 2727 960 2800 abscilla
997 2729 1053 2798 est.
1111 2730 1156 2800 Id
1188 2753 1245 2798 an-

238 2822 372 2918 gullum
394 2822 571 2916 &anceps
593 2823 717 2894 alterno
742 2824 839 2894 cursu
863 2826 969 2896 modo
991 2828 1025 2895 in
1047 2824 1247 2907 Thul'cnm,

160 2983 161 2987 ,
236 2922 342 2990 modo
381 2920 414 2988 in
446 2923 584 2992 lonium
614 2919 751 3012 pelagus
782 2919 941 3009 perfluit,
968 2942 1085 3002 atrox,
1114 2920 1247 2994 saevutn

238 3016 274 3089 ὅ(
303 3015 420 3108 Scyllae
454 3015 695 3105 Charibdil'que
728 3013 818 3087 saevis
846 3019 1039 3090 nominibus
1068 3017 1248 3112 inclytum.

237 3114 347 3210 Scylla
375 3111 486 3183 laxum
516 3116 587 3185 eli:
622 3112 787 3207 Carybdis
815 3137 939 3194 marc,
971 3137 1151 3205 utrumque
1184 3141 1251 3188 no·

238 3213 333 3282 trium
366 3209 533 3301 appultis:
564 3207 631 3302 ipsa
661 3210 779 3303 ingens
807 3211 842 3286 dt
874 3212 979 3284 tribus
1009 3214 1250 3303 promontoriis

238 3306 272 3376 in
302 3306 425 3376 diverla
456 3331 664 3399 procurrens.
724 3308 858 3380 Graecae
899 3309 998 3380 litetae
1040 3310 1251 3405 imaginem,

237 3428 313 3493 qtrae
330 3404 431 3474 Delta
459 3405 594 3484 dicitur,
620 3401 732 3474 efficit.
775 3403 969 3500 Pachynum
993 3420 1135 3478 vocatur
1162 3409 1251 3504 quod

238 3502 407 3576 Graeciam
430 3502 570 3592 spectat:
600 3501 788 3596 Lilybaeum
811 3504 902 3596 quod
921 3504 954 3571 in
980 3501 1160 3574 Africam:
1192 3508 1252 3575 Pe·

239 3596 374 3674 lotum,
402 3601 494 3690 quod
521 3598 553 3668 in
585 3599 717 3668 Italiam
746 3621 888 3693 vergens
919 3599 1041 3693 Scyllae
1073 3601 1252 3674 adversum

238 3694 313 3767 etl:
345 3695 437 3765 causa
465 3695 609 3766 nominis
648 3695 787 3764 Pelorus
825 3695 1029 3789 gubernator
1061 3693 1103 3764 ab
1147 3701 1252 3769 Anni·

236 3788 310 3863 bale
337 3791 461 3862 ibidem
489 3792 665 3872 conditus,
693 3816 792 3883 quem
820 3794 910 3862 idem
940 3794 992 3862 vir
1017 3794 1191 3888 profugus
1215 3817 1252 3864 ert

237 3888 377 3975 Africa,
400 3912 436 3958 ac
462 3913 521 3982 per
551 3914 588 3959 ea
621 3889 692 3957 loca
719 3890 849 3981 Syriam
880 3910 1026 3980 petens,
1062 3895 1140 3982 quia
1172 3918 1253 3983 prn-

233 3991 289 4065 cul
314 3989 460 4066 intuenti
485 3985 681 4062 yidehantur
711 3986 868 4054 continuo
888 3986 953 4056 elle
979 3988 1087 4056 littora
1099 4031 1114 4064 ,
1132 3988 1170 4061 &
1187 4011 1252 4056 non

223 4097 406 4196 pervium
434 4091 587 4192 pelagus
603 4127 620 4170 ι,
638 4079 820 4179 proditum
845 4077 883 4144 le
908 4080 1109 4157 amioum,
1129 4087 1286 4225 orditi-QX

160 4348 196 4385 h.
