2859 4709
279 410 350 484 224
482 383 1065 460 Annouamron-as.

325 516 409 591 208.
435 511 564 609 Quique
578 507 888 609 abequopraeccps.)
914 501 1139 596 Bellerophon
1152 507 1195 578 de
1208 532 1280 604 quo

277 612 381 684 multa
416 614 559 684 ducimus
593 611 626 678 ir
661 608 813 678 Emllcm.
864 607 972 675 Porro
1004 602 1204 678 verhculum
1230 606 1276 677 src

279 710 463 781 emendavit
488 706 658 802 Egnatius.
764 790 773 815 s

327 849 455 951 Quique
477 849 516 923 ab
539 870 617 942 equo
635 855 780 938 preceps
802 840 837 912 in
860 835 957 909 Aleis
978 835 1098 912 decidit
1123 837 1226 910 arvis.
1286 882 1295 933 Ι.

280 979 361 1052 Sunt
382 998 491 1051 aurem
506 981 581 1054 Alei
604 984 710 1076 campi
726 983 761 1054 in
782 979 922 1063 Cilicia,
941 983 977 1059 δι
1002 983 1078 1056 Alei
1096 980 1139 1054 ab
1161 1008 1268 1059 errore

281 1075 361 1146 diui
387 1076 527 1152 Graecis.

330 1177 410 1247 208.
437 1177 479 1245 Id
491 1172 574 1268 quod
584 1174 811 1276 Amyntorides
821 1173 965 1256 videas.)
989 1173 1056 1245 His
1078 1173 1203 1268 septem
1222 1172 1261 1247 di·

278 1267 386 1340 llichis
410 1270 525 1339 decem
551 1271 630 1341 caeci
653 1289 883 1344 enumerantur
908 1271 974 1342 hoc
1004 1271 1131 1343 ordine.
1173 1270 1261 1345 Phoe·

278 1365 338 1435 nix
367 1366 558 1461 Amyntoris
580 1365 693 1451 filius,
721 1367 867 1450 Comes,
892 1387 946 1441 aut
972 1369 1084 1458 potius
1112 1369 1260 1465 paedago-

279 1483 345 1555 gus
370 1460 516 1532 Achillis.
547 1464 666 1555 (eujus
690 1467 778 1556 apud
813 1463 1006 1535 Homerum
1033 1463 1195 1535 honorata
1223 1461 1259 1535 ell

278 1558 445 1650 mentio.)
468 1582 535 1628 non
558 1559 695 1654 fingitur
720 1561 761 1634 ab
781 1561 945 1633 'Homero
970 1583 1099 1643 caecus,
1130 1559 1184 1630 led
1213 1561 1259 1629 in-

279 1655 1261 1848 hl.‘53.hhttlgthlss‘ltt.h¹¹¹.2hl{h²,¹”..tl.{

279 1869 338 1918 cus
362 1864 454 1925 erat,
477 1850 625 1943 Propert.
653 1850 706 1921 lib.
716 1872 750 1926 2.

324 1997 439 2068 Tarda
462 1998 649 2072 Philolletae
661 2000 794 2087 sacravit
818 2001 1125 2087 curarentur,

276 2106 281 2123 '
374 2095 529 2168 Phoenicis
553 2095 673 2169 Chiron
698 2097 818 2170 luminu
845 2099 1052 2198 Phillyrides.

277 2236 422 2327 OEdipus
447 2240 489 2307 de
513 2262 581 2330 quo
605 2236 709 2310 multa
733 2236 877 2309 diximus
902 2237 933 2308 in
960 2238 1109 2309 Emllcrn.
1146 2234 1295 2329 Tyrei'.

278 2333 338 2406 scas
360 2330 553 2406 Thebanus.
580 2333 657 2406 vide
686 2335 812 2407 Politia.
840 2333 1003 2422 Miscella.
1019 2337 1074 2409 80.
1101 2331 1138 2407 ἃ
1162 2332 1265 2404 Ovid.

278 2426 342 2504 late
366 2428 400 2499 in
424 2434 596 2504 Metamor.
629 2429 794 2509 Phineus,
821 2434 876 2523 qui
905 2432 1114 2524 Argonautas
1139 2429 1264 2502 monuit

279 2546 316 2600 ut
340 2526 528 2599 columbam
544 2528 662 2598 ducem
677 2527 896 2622 sequerentur.
938 2528 1076 2620 Deque
1093 2524 1265 2616 Orpheus,

278 2623 317 2700 &
338 2624 495 2717 Apollon.
521 2622 693 2706 Rhodius,
720 2625 755 2699 ὅ(
779 2624 891 2697 Valer.
917 2625 1004 2694 Flac.
1033 2624 1067 2694 in
1092 2629 1262 2718 Argoura.

277 2719 524 2816 Polymnestor‚
550 2745 648 2813 quem
675 2723 850 2792 excecavit
872 2720 1027 2795 Hecuba.
1054 2719 1178 2814 Virgil.
1199 2718 1263 2788 hacc

277 2813 353 2888 lar'e.
373 2840 414 2906 ς..
431 2820 565 2890 AEncid.
593 2817 630 2892 δι
654 2817 766 2890 multis
788 2817 984 2890 carminibus
1013 2817 1119 2890 Ouid.
1141 2816 1271 2886 ιἰιΜι·Ι

278 2935 355 2986 tam.
380 2913 498 2988 &alii
515 2942 517 2947 ·
537 2913 780 3009 Polyphemus,
804 2939 904 3009 quem
922 2911 1049 3009 Ulyffes
1071 2909 1265 2991 excaecavit,

278 3013 321 3084 de
335 3034 413 3100 ,quo
439 3009 541 3082 multa
563 3032 622 3082 nos
644 3013 679 3082 in
701 3010 850 3084 Emblcm.
877 3010 914 3084 oc
936 3010 1039 3083 Ovid.
1062 3008 1178 3097 lib.13.
1203 3004 1266 3080 Vi·

278 3110 322 3181 de
349 3109 455 3197 Adag.
505 3106 543 3182 V
541 3127 608 3179 ates
622 3105 731 3193 secum
763 3106 888 3197 auferat
915 3130 1014 3179 nmen.
1043 3106 1083 3175 de
1116 3103 1264 3174 Telemo

277 3222 362 3276 vate.
402 3200 518 3273 Phinei
541 3201 600 3273 filii
622 3228 664 3277 ex
682 3227 788 3276 uxore
806 3205 982 3294 Cleopatra
1000 3201 1067 3274 vim
1087 3200 1264 3271 intulerunt

277 3302 349 3374 Idae
372 3321 545 3379 novercaer
570 3322 631 3390 qua
655 3303 696 3373 de
718 3296 811 3373 causa
834 3298 874 3372 ab
899 3298 967 3390 ipso
992 3316 1084 3391 patre
1109 3291 1263 3381 excae'cati

276 3398 425 3497 fuerunt.
465 3393 652 3492 Thamyras
674 3414 789 3479 vates,
813 3393 850 3470 &
873 3414 985 3468 cantor
1009 3393 1152 3499 eximius
1177 3391 1263 3465 hunc

274 3492 377 3567 musa
398 3511 602 3565 excaecatum
626 3495 659 3564 in
683 3512 752 3566 arte
775 3493 911 3568 canendi
931 3490 1139 3586 superatum,
1163 3504 1199 3561 ut
1217 3484 1262 3556 ait

273 3589 402 3667 Home.
419 3612 451 3665 2.
476 3588 571 3660 iliud.
597 3588 818 3665 Demodocus
838 3606 951 3662 cantor
975 3585 1130 3682 egregius
1148 3583 1180 3654 in
1203 3582 1263 3652 At·

273 3691 363 3762 cinoi
386 3689 507 3766 domo,
528 3683 614 3758 hunc
636 3687 810 3762 Homerus
829 3688 955 3768 laudat,
973 3684 1112 3778 seipsum
1130 3681 1190 3774 (ut
1209 3677 1263 3752 ali·

275 3788 332 3882 qui
357 3781 623 3873 interpretantur)
648 3785 844 3880 intelligens.

322 3885 403 3959 208.
428 3881 483 3954 Sic
510 3879 627 3976 uliquis
650 3902 703 3955 rua
733 3882 873 3953 membra
890 3879 1008 3970 secet,
1037 3881 1202 3956 Saturnus
1228 3891 1263 3946 ut

273 3975 387 4071 illan)
413 3977 491 4053 vide
512 3975 667 4057 Macrob.
693 3978 805 4057 Satur.
828 3978 882 4052 lib.
895 3998 927 4054 1.
950 4001 979 4050 c.
995 3977 1030 4053 8.

1096 4091 1181 4170 208.
1190 4090 1262 4169 Nec
