2859 4709
249 394 302 490 ηδ
594 391 680 467 Du
731 391 919 464 Aure

252 518 396 612 denique
428 516 461 590 io
498 531 605 592 atrum
636 517 760 612 piscem
792 518 943 592 desinat?
990 521 1131 595 Eodem
1157 521 1275 620 igitur¹

197 684 203 693 .
243 618 350 712 »padio
377 613 484 706 po‘e'srs
509 615 782 710 reprehenditur,
812 621 907 712 cujus
936 619 1049 691 inanes
1079 624 1258 717 Fingentur

241 715 399 826 ⁴peries,
419 736 530 809 utute
550 734 629 809 pes,
651 738 709 786 nec
732 733 829 808 caput
852 713 910 783 uni
933 717 1107 789 Reddatur
1125 716 1259 808 sormae.

252 813 350 904 Quid
365 809 486 904 igitur,
501 814 612 892 dices,
626 810 726 882 habet
749 809 852 881 limile
871 811 978 902 poie'srs
997 837 1075 883 cum
1100 816 1259 906 picium?

251 925 307 980 aut
343 912 431 980 unde
459 907 676 1002 proverbium
707 908 904 983 emanavit,
931 908 1043 981 Liberi
1073 912 1180 1006 pob'tae
1215 912 1259 989 Φ·

246 1003 422 1103 pislortsl
462 1008 609 1085 Dicam,
639 1002 663 1075 st
689 1005 981 1096 prorumpentis.
1021 1008 1163 1098 Accedit
1192 1009 1259 1080 alt-

249 1103 326 1195 quis
346 1104 387 1171 ad
402 1103 588 1193 pistorem,
601 1121 716 1193 petens
739 1120 776 1173 ut
802 1100 834 1171 in
857 1099 975 1174 tabella
995 1102 1167 1176 Venerem
1191 1107 1259 1178 sor·

249 1197 463 1272 mofiffimam
493 1202 533 1269 de
560 1199 661 1294 lugat.
712 1198 811 1269 N'um
842 1197 949 1287 pittor
973 1204 1170 1277 uteturilla
1201 1202 1258 1276 sua

248 1295 420 1370 libertate:
446 1294 482 1369 δί
546 1320 680 1368 enerem
701 1294 918 1366 monoculum
942 1294 1106 1390 effinget,
1131 1296 1258 1372 barba·

247 1411 341 1472 tam,
357 1391 629 1485 obequitantem,
646 1390 798 1464 manibus
821 1390 941 1462 hallam
967 1399 1157 1472 tenentem?
1181 1396 1258 1468 Mi·

248 1490 360 1571 nime,
382 1492 515 1582 inquis,
537 1491 594 1562 sed
618 1492 650 1562 ei
670 1491 788 1562 reddet
809 1489 898 1560 illam
921 1490 1063 1562 sormam
1089 1518 1163 1585 quae
1187 1517 1256 1565 ma·

247 1585 341 1663 xime
366 1585 538 1662 Venerem
560 1590 684 1658 deceat.
722 1581 828 1656 Recte
849 1583 923 1658 sane
942 1586 1090 1680 judicas:
1117 1615 1178 1661 nec
1198 1591 1256 1663 hic

245 1685 354 1779 eliqua
375 1684 511 1776 pidloris
534 1684 596 1756 erit
620 1683 771 1755 libertas:
791 1681 845 1753 sed
869 1681 902 1751 in
923 1683 993 1769 his,
1011 1692 1068 1778 qui
1090 1687 1123 1758 in
1143 1687 1254 1760 tabula

245 1779 320 1855 sunt
346 1783 411 1852 loci
439 1786 534 1856 vacui
559 1782 645 1853 circa
670 1781 854 1855 Venerem.
897 1780 989 1852 Nam
1015 1784 1137 1858 inillis
1169 1809 1255 1858 con-

246 1877 371 1952 cellum
402 1877 449 1949 est
472 1879 617 1972 picium,
650 1877 817 1953 aviculas,
845 1873 972 1963 liores,
998 1880 1153 1965 arbores,
1182 1881 1254 1963 llus

158 2012 160 2017 >
244 1977 335 2048 mine
361 2000 422 2068 pro
448 1978 584 2049 arbitrio
612 1975 823 2069 depingere3
859 1996 967 2067 neque
993 1980 1076 2049 vitio
1102 1997 1254 2054 vertetur

243 2073 325 2151 illi,
354 2073 378 2146 st
408 2076 504 2146 multi
528 2074 675 2166 variique
697 2070 828 2167 generis
850 2069 951 2144 llores
975 2100 1020 2146 ex
1049 2099 1113 2146 una
1138 2078 1252 2150 radice

239 2170 405 2262 pullulent
434 2170 651 2263 (quanquam
684 2184 797 2240 natura
830 2167 958 2260 semper
987 2170 1033 2242 ell
1060 2173 1251 2268 intuenda)

242 2268 300 2339 Sic
333 2271 437 2339 Po‘c‘ta
466 2267 491 2338 sr
517 2268 685 2340 Achillem
715 2269 911 2349 cantandum
947 2267 1127 2361 suscipiat,
1159 2271 1274 2361 nulla¹

241 2379 355 2437 utetur
379 2364 508 2435 licentia
535 2367 640 2442 artis,
669 2379 706 2437 ut
734 2387 822 2441 nunc
850 2363 1031 2447 timidum,
1057 2391 1145 2438 nunc
1174 2368 1248 2440 for·

242 2477 314 2534 tem
340 2459 516 2534 describat:
542 2460 756 2553 olimpium,
783 2457 894 2534 rursus
918 2463 1059 2536 deorum
1087 2484 1247 2537 contem·

242 2577 394 2653 ptorem:
423 2558 478 2630 sed
503 2557 630 2651 semper
651 2561 740 2628 idem
767 2558 851 2636 etit,
879 2559 1010 2652 qualem
1030 2559 1123 2632 fuisse
1148 2588 1246 2635 acce·

237 2658 360 2751 pimuo
401 2658 498 2730 Dum
518 2677 627 2730 tamen
649 2653 751 2744 hujus
776 2656 912 2750 egregie
928 2656 1013 2728 faeta
1037 2660 1138 2728 Poe'ta
1163 2669 1265 2732 con·'

239 2755 340 2828 cinit:
368 2779 431 2846 pro
453 2755 547 2828 libito
573 2756 707 2827 Lucum
733 2749 911 2838 describet,
935 2755 989 2825 vel
1013 2754 1164 2834 flumen,
1189 2757 1245 2828 vel

238 2853 361 2928 Dianae
384 2874 497 2929 atam,
515 2853 568 2922 vel
584 2851 736 2942 pluvium
757 2872 881 2921 arcum.
922 2853 1038 2946 Atque
1055 2855 1154 2924 etiam
1170 2854 1243 2927 here

238 2974 319 3024 eum
344 2949 572 3020 moderamine
598 2966 752 3038 certaque
775 2945 872 3040 lege:
903 2971 970 3018 non
997 2951 1086 3020 enim
1113 2950 1245 3043 semper

237 3047 291 3120 lris
317 3047 411 3119 locus
435 3045 501 3119 est:
521 3069 597 3116 nam
621 3044 767 3138 quinon
793 3041 1007 3118 debitoloco
1023 3046 1105 3118 mihi
1127 3049 1244 3121 lucum

237 3142 417 3223 describit,
441 3163 497 3216 aut
521 3137 605 3236 sapie
628 3144 664 3211 id
688 3138 788 3217 facit,
807 3137 1023 3231 suspicionem
1048 3148 1242 3240 ingenerat,

235 3244 320 3316 nihil
345 3240 438 3313 illum
469 3241 588 3314 melius
621 3236 731 3308 scire:
760 3241 1043 3328 quemadmodum
1072 3244 1156 3312 iners
1184 3241 1243 3316 ille

233 3341 362 3436 pidior,
388 3337 444 3432 qui
467 3338 596 3431 ubique
619 3330 804 3427 cupressum
831 3336 1051 3432 appingebat‚
1074 3339 1177 3411 etiam
1206 3343 1243 3410 in

233 3434 426 3533 naufragiis.
465 3438 580 3528 Quare
607 3435 712 3503 danda
733 3454 833 3520 opera
856 3431 921 3515 est,
940 3453 982 3507 ‘ut
1004 3438 1040 3508 id
1064 3439 1164 3529 quod·
1181 3462 1242 3534 ag·

232 3537 437 3628 gredimur,
466 3532 503 3604 fit
534 3542 667 3612 unum,
694 3529 882 3623 eodemque
909 3548 1024 3605 tenore
1052 3537 1240 3624 procedat:

231 3635 392 3726 Ineptum
412 3630 502 3700 enim
526 3628 670 3724 figulum
696 3624 939 3716 judicabimus,
959 3632 1017 3723 qui
1042 3631 1240 3724 amphoram

231 3732 376 3821 eoeperit
401 3725 596 3814 instituere,
626 3722 869 3825 urceolumque
899 3751 943 3804 ex
967 3727 1115 3827 suscepta
1139 3726 1238 3805 malla

231 3825 423 3910 confecerit,

1020 4116 1237 4198 SECUN-
