2859 4709
184 425 315 528 ‘quq
592 417 929 502 Sciron-th.

240 553 344 626 verba
370 549 412 623 stc
436 552 551 627 Latina
577 553 651 623 feci.
697 552 952 627 Pherecidetin.
971 570 1026 625 10.
1053 554 1096 623 de
1120 552 1240 648 nuptiis

240 652 405 732 Jurtonis,
430 667 493 733 att,
518 651 679 721 Tellurem
708 648 890 741 produxiffe
917 651 950 720 itt
982 654 1115 721 Oceano
1144 674 1240 719 aurea

241 749 352 828 mala,
371 746 454 838 five·
470 748 587 816 malum
611 747 754 816 arborem
775 745 904 834 stulius
929 761 1041 816 attreos
1058 745 1241 833 ferentem,

242 867 324 938 quor
347 842 522 929 observaret
554 846 651 915 draco
684 842 720 913 T
735 843 850 936 phanis
881 843 921 916 Ψ
955 843 1107 914 Echidnae
1125 840 1243 930 filius,

243 959 368 1010 centum
383 943 435 1032 qui
453 943 578 1028 capita,
595 938 635 1010 Θ
650 870 842 1033 mubigenar
857 961 952 1008 voces
967 938 1106 1009 haberet.
1135 940 1242 1030 Nym·

162 1116 166 1132 .
238 1037 316 1132 plue
338 1059 443 1105 autem
469 1036 583 1114 Jovit,
608 1033 648 1108 (Y
670 1035 835 1107 Themidis
848 1031 946 1125 filie,
969 1058 1040 1127 quae
1056 1035 1244 1131 speluncam

237 1135 340 1227 juxta
369 1135 546 1203 Eridanum
569 1132 783 1206 habitabam,
810 1132 970 1210 Herculi,
997 1136 1036 1202 de
1059 1133 1118 1203 boc
1144 1130 1243 1201 dubi-

226 1231 330 1320 gtanti
355 1229 573 1312 consuluerunt
594 1271 605 1309 ,
630 1249 664 1298 ut
693 1225 714 1296 d
739 1228 850 1297 Nereo
883 1227 1037 1314 disceret,
1069 1228 1125 1298 ubi
1148 1249 1244 1297 aurea

245 1325 331 1410 mala
359 1325 457 1423 paffet
482 1327 645 1416 reperire:
666 1323 728 1401 fut'
747 1323 846 1418 ipsum
875 1325 910 1394 vi
941 1314 1245 1417 comprehenderet,

246 1418 462 1492 monuerunt:
486 1421 541 1512 qui
564 1445 657 1513 quum
681 1420 817 1511 primum
846 1417 880 1487 in
910 1445 1046 1514 aquam,
1071 1422 1188 1503 deinde
1210 1419 1243 1488 itt

207 1583 209 1588 .
246 1517 354 1609 ignem
370 1513 440 1602 sese
466 1537 694 1593 converteret,
719 1517 753 1591 iu
775 1511 936 1615 pristinam
956 1514 1099 1603 formam
1130 1540 1243 1587 rever·

235 1616 321 1711 Jus,
342 1613 442 1682 locum
462 1611 527 1704 esset
546 1607 818 1704 demorfiroturus.
857 1614 910 1683 sta
935 1612 1092 1684 Hercules
1118 1612 1161 1683 ad
1184 1635 1244 1682 au·

247 1732 303 1781 rea
331 1709 414 1785 mala
433 1708 644 1803 properauit?

297 1807 431 1890 ianoe.
456 1801 568 1907 Tu'que
589 1801 761 1890 beonsulte
774 1806 996 1902 Promethea.)
1025 1802 1242 1879 Prometheus

247 1901 328 1971 ideo
353 1903 458 1971 dietus
488 1899 655 1972 coelestem
679 1903 792 1992 ignem
823 1903 981 1974 induxisse
1003 1908 1126 1978 tertis»
1154 1900 1242 1992 qubd

246 1996 665 2088 Rhetoricen,&poes1n
690 1998 861 2067 docuerit:
887 2000 922 2072 bc
948 1998 1097 2072 Assurios
1129 1999 1242 2067 Alico-

222 2095 399 2188 ··logiam,
420 2119 518 2189 quam
535 2095 569 2191 iu
585 2092 734 2168 Caucaso
756 2094 861 2166 fuerat
884 2093 1073 2186 speculatus.
1097 2095 1149 2164 Ex
1171 2094 1243 2163 Lu·

240 2193 347 2261 eiano
374 2193 493 2262 constat
517 2189 608 2260 fuisse
635 2212 765 2270 vatem,
790 2191 911 2270 Jovem
936 2195 1060 2286 quippe
1083 2191 1244 2269 monuit,

250 2312 295 2357 ne
321 2313 398 2358 cum
420 2287 566 2357 Thetide
584 2288 844 2381 concumberet,
867 2287 940 2358 sore
962 2295 1050 2358 enim
1076 2308 1114 2382 ut
1138 2286 1244 2366 filius,
1285 2376 1286 2383 ἵ

251 2385 308 2477 qui
334 2409 383 2453 ex¹
400 2385 579 2454 concubitu
598 2382 805 2469 pasceretur,
833 2404 955 2474 patrem
977 2388 1124 2474 potentia
1150 2383 1244 2474 supe·

250 2498 348 2569 earet,
389 2481 559 2573 Apollonii
586 2479 709 2557 Rhodii
736 2481 914 2570 interpres,
943 2487 1112 2578 Ageaetam
1135 2503 1242 2552 tetum

194 2610 195 2614 ¹
251 2576 483 2672 Scythicarum
517 2576 707 2667 scriptorem
736 2600 978 2649 commemorat
1013 2577 1127 2649 dixisse
1163 2579 1243 2646 Pro·

252 2678 379 2758 methei
412 2700 470 2761 cop
496 2675 570 2744 ideo
593 2675 635 2751 ab
659 2673 778 2762 Aquila
806 2673 953 2747 consumi
978 2677 1104 2745 dilium
1130 2671 1242 2753 fuisse,

253 2777 347 2859 quod
376 2771 464 2845 suam
498 2773 668 2865 regionem
700 2770 847 2848 fluvius,
877 2771 930 2841 cui
959 2773 1090 2861 Aquilae
1121 2791 1241 2840 nomeu

252 2885 341 2947 etat,
363 2867 590 2959 frequentibus
603 2864 867 2941 inundationibus
887 2888 1122 2959 corrumperet.
1154 2866 1242 2951 (He-

254 2987 314 3062 par
335 2966 424 3034 enim
449 2968 535 3034 idem
561 2962 605 3037 est
627 2965 720 3054 quud
745 2963 897 3053 Hutltot)
923 2987 1026 3054 quum
1051 2987 1131 3032 vero
1154 2964 1242 3035 Her·

254 3060 345 3132 eules
364 3061 555 3151 quibusdam
576 3060 665 3130 fctus
682 3059 821 3130 fluvium
842 3059 1022 3137 avertisset,
1037 3058 1161 3130 fabium
1183 3057 1240 3136 etl,

255 3174 293 3226 ut
318 3160 459 3259 aquilam
482 3156 648 3250 abegisse,
674 3179 710 3226 ac
738 3155 971 3227 Prometheum
993 3153 1138 3227 liberasse
1162 3159 1241 3226 dice·

255 3272 354 3326 retur.
397 3255 476 3324 Sunt
503 3257 558 3345 qui
584 3258 709 3332 dicant,
737 3252 997 3331 Prometheum,
1029 3276 1134 3346 quum
1162 3253 1241 3344 Scy·

254 3350 319 3421 this
344 3350 490 3443 (quibus
516 3350 670 3441 praefuit)
695 3347 845 3442 presiate
870 3373 935 3418 nnn
962 3347 1085 3438 posset:
1118 3349 1151 3418 in
1177 3351 1241 3417 via·

255 3447 337 3517 culis
371 3450 495 3524 tamdiu
525 3452 719 3523 detentum,
751 3449 859 3540 quoad
891 3446 1054 3518 Hercules
1091 3446 1240 3536 Aquilam

224 3560 228 3567 ·
254 3542 394 3623 fluvium
421 3544 452 3613 in
476 3568 563 3619 mate
583 3541 773 3625 deduxtslet.
811 3541 901 3618 Vide
923 3545 1022 3617 etiam
1042 3541 1241 3636 problemata

256 3637 465 3729 Aphrodisei.
543 3667 546 3674 ·

221 3725 230 3757 ''
304 3757 385 3828 204.
406 3741 590 3816 'Mirantem
607 3730 733 3829 fallea
763 3740 950 3839 Satyrum.)
984 3736 1178 3810 Plutarchus
1205 3736 1241 3804 de

254 3833 391 3904 utilitate
413 3835 453 3910 ab
474 3834 612 3904 inimicis
636 3833 809 3926 capienda:
840 3839 951 3932 Satyro
972 3831 1129 3926 (inquit)
1148 3834 1241 3926 primo

255 3932 360 4023 ignem
390 3932 598 4028 conspicuum,
624 3930 775 4022 illumque
799 3933 976 4027 complesti,
1002 3930 1041 4003 (7
1074 3924 1244 4015 deosculati

253 4023 394 4136 caperat
406 4029 613 4115 Prometheus
630 4025 734 4109 lrttltt
748 4026 849 4123 llitce
863 4051 1002 4109 meatum
1022 4029 1158 4111 dolebis:
1182 4023 1243 4134 urit

223 4138 227 4145 '
271 4134 278 4148 ⁴
517 4144 519 4149 ·
628 4172 634 4181 -
836 4132 839 4136 ’
1166 4141 1242 4201 euru
