2859 4709
247 388 321 482 296
457 385 525 456 In
577 384 1049 515 Auneransrr

247 504 419 576 dictatoria
443 505 555 579 velle:
586 527 684 598 atque
710 505 847 600 ipsemet
873 509 990 589 lictor,
1021 508 1078 600 qui
1101 505 1252 585 mandata

247 604 309 673 Po.
328 601 395 672 Ro.
425 605 579 686 dederat,
595 623 737 676 aratrum
758 607 898 677 domum
922 607 1005 678 tulit.
1051 605 1150 700 Euge
1170 604 1252 694 poe-

246 713 301 779 ta,
324 700 380 792 qui
407 717 474 772 tam
495 700 603 793 parvis
630 702 808 772 contemtis
830 702 977 775 altissima
1001 725 1123 794 crepas.

297 795 340 866 Et
365 820 452 868 nunc
473 799 556 868 alius
579 817 645 869 tam
663 797 862 893 antiquitatis
883 801 1085 882 admirator,
1104 817 1140 868 ut
1164 820 1253 871 nun-

246 890 392 985 quamia
424 893 574 971 manibus
601 893 765 967 venosum
796 894 918 967 librum
945 892 1253 987 AstiiBriseidem

249 994 403 1082 deponat.
444 990 525 1061 Sunt
550 989 627 1068 alii,
654 1015 738 1086 quos
768 993 906 1065 Pacunii
942 989 1114 1064 verrucosa
1140 1017 1253 1064 morc-

248 1103 303 1154 tur
323 1088 487 1176 Antiopa,
506 1085 592 1160 &·in
611 1087 673 1160 illis
695 1088 804 1161 verbis
828 1086 1005 1182 stupescat:
1028 1088 1181 1160 aerumnis
1198 1115 1252 1162 cnr

171 1238 174 1242 Α
247 1180 453 1272 insipit-abile
466 1181 567 1273 snitu.
613 1185 734 1276 Quum
756 1183 857 1279 igitur
880 1187 1049 1258 videamus
1066 1204 1173 1277 patres
1193 1185 1254 1278 lip-

247 1301 311 1369 pos
326 1282 435 1371 pueris
459 1281 710 1356 talestnonitus
730 1282 918 1353 infundere:
935 1283 1052 1376 quaeris
1072 1283 1161 1352 unde
1179 1279 1252 1355 haec

246 1373 411 1447 sltidentia
437 1375 537 1449 verba
568 1377 734 1473 sartaginis
757 1377 881 1451 frixum
913 1378 1071 1450 imitantia
1100 1380 1251 1450 venerint

247 1468 281 1540 in
308 1472 457 1566 linguas,
480 1475 568 1544 unde
593 1475 692 1547 eriam
710 1472 791 1546 illud
806 1477 973 1558 dedecus,
1002 1475 1035 1544 in
1062 1496 1128 1568 quo
1151 1475 1252 1548 Tro·

246 1566 376 1662 janulus
398 1569 557 1642 imberbis
572 1596 631 1661 pec
652 1571 799 1646 subsellia
813 1569 1006 1653 exulan&
1025 1570 1229 1663 obloquitur.
1283 1578 1285 1582 ”

296 1664 457 1749 Tecum,
479 1665 578 1740 senex
606 1670 803 1751 inveterate,
828 1667 910 1740 mihi
934 1692 1020 1740 nunc
1042 1665 1150 1738 sermo
1178 1668 1252 1740 est.-

247 1759 376 1833 Nonne
403 1765 535 1856 pudet,
563 1789 673 1858 quum·
698 1764 781 1836 furti
807 1762 993 1841 accusaris,
1022 1788 1089 1836 non
1113 1763 1205 1854 polle
1233 1764 1251 1839 ”a

198 1916 200 1925 ,
247 1881 333 1931 cano
363 1862 468 1952 capite
491 1885 600 1932 atcere
624 1863 839 1954 periculum,
862 1861 916 1931 fed
940 1880 1034 1933 totus>
1053 1862 1163 1932 verbis
1194 1886 1251 1935 re·

247 1979 325 2029 rum
351 1956 499 2029 inanibus
529 1956 721 2029 incumbens
746 1957 812 2029 hoc
837 1962 1009 2038 decenter,
1030 1957 1165 2052 pulchre
1185 1958 1249 2044 so-

241 2052 349 2153 phos,
376 2053 519 2128 calidum
538 2073 631 2145 optas
651 2054 773 2126 audire.
814 2057 935 2145 Quum
953 2055 1067 2146 aliquis
1086 2054 1167 2126 dixit
1188 2057 1251 2127 Pe·

184 2200 189 2215 ,
248 2150 333 2231 dio,
357 2152 424 2224 Fur
448 2174 506 2222 es:
534 2151 653 2222 Pedius
678 2151 764 2222 circa
788 2144 911 2245 figuras
938 2152 1119 2222 verborum
1145 2175 1251 2222 occu·

245 2265 341 2344 patus
374 2249 529 2339 expendit
554 2246 691 2318 crimina
716 2246 749 2316 in
773 2247 847 2320 ratis
869 2245 1032 2318 antithetis
1056 2289 1067 2327 ,
1093 2245 1130 2317 &
1159 2247 1249 2338 paria

246 2343 380 2440 paribus
406 2341 619 2434 compensans
647 2360 757 2414 manet
779 2344 858 2416 furti
879 2367 975 2420 rests,
995 2344 1031 2416 δι
1052 2362 1160 2414 tamen
1185 2345 1249 2415 do·

244 2445 313 2517 etas
339 2439 476 2531 posuisse
501 2438 623 2534 figuras
646 2441 805 2511 laudatur.
832 2441 912 2511 Hoc
926 2438 1049 2509 bellum
1072 2436 1139 2510 est?
1165 2439 1249 2514 Hoc

244 2556 281 2613 tu
304 2537 429 2609 bellurn
449 2535 571 2610 vocas?
612 2537 665 2606 An
681 2536 830 2609 Romule
854 2548 972 2616 ceves,
990 2535 1026 2610 &
1046 2536 1158 2608 clunes
1173 2563 1249 2609 mo·

245 2632 327 2710 vesi
355 2650 461 2705 cantas
483 2657 589 2729 fluum
610 2649 643 2703 te
667 2633 815 2707 defendis
838 2635 880 2705 ab
901 2628 1127 2704 accusationes
1163 2635 1249 2705 Non

242 2757 301 2804 me
325 2731 476 2802 movebit
501 2728 688 2812 cantillans,
708 2732 765 2822 qui
790 2730 1000 2823 naufragium
1032 2728 1134 2809 fecit,
1161 2733 1198 2804 u
1217 2730 1248 2803 se

242 2830 279 2900 in
295 2824 405 2899 tabula
422 2828 589 2918 depiblum
605 2845 735 2916 portat,
762 2851 823 2897 nec
851 2824 948 2897 assem
967 2825 1120 2896 miserans
1142 2829 1249 2916 porri·

245 2950 337 3023 gam.
379 2924 497 2994 Plorer‘
519 2923 599 2992 mihi
621 2946 766 3005 verum,
791 2925 827 2998 δι
855 2948 922 2994 non
947 2924 1118 2994 meditatas
1146 2948 1250 2998 voces

239 3021 407 3102 'ostentet,
427 3042 506 3114 quas
532 3020 629 3090 nesle
649 3019 795 3091 hesterna
820 3021 1049 3096 concinnavit,
1068 3035 1145 3092 tunc
1167 3046 1249 3097 vere

207 3180 209 3195 .
244 3114 381 3191 dolebo.
709 3120 712 3125 “

293 3215 358 3286 Sed
390 3212 457 3308 jam
488 3216 529 3285 ad
564 3229 630 3285 tuae
666 3235 823 3285 numeros
849 3211 988 3304 poir'seos
1021 3213 1247 3287 deveniamus.

245 3312 403 3402 Quantus
427 3310 487 3380 illis
514 3313 614 3381 decor
643 3306 715 3384 esti
747 3309 851 3403 qualis
877 3309 1027 3404 jundlura
1054 3312 1189 3391 crudis,
1212 3311 1248 3385 dt

232 3407 431 3479 immaturis
451 3402 676 3478 carminibus?
707 3405 790 3499 saepe
817 3402 859 3475 stc
885 3406 987 3478 cludit
1015 3431 1150 3477 carmen
1174 3407 1247 3478 illes

243 3504 477 3602 Berecyntius
496 3509 595 3600 Atys.
629 3503 757 3593 Accipe
781 3501 890 3576 rursus
919 3502 1117 3593 junduram.

234 3663 239 3668 .
288 3601 409 3696 Ecqui
432 3602 598 3673 caernleum
624 3598 792 3677 dirimebat
820 3602 934 3671 Nerea
958 3599 1103 3694 delphin.

291 3700 346 3769 Sic
371 3695 485 3790 costum
512 3700 609 3791 longo
629 3691 843 3791 subduximus
869 3698 1052 3788 Apennino.

242 3793 339 3882 Quid
364 3796 475 3870 rides,
496 3817 517 3862 o
538 3791 644 3868 Persi,
663 3795 803 3864 aliorum
828 3791 957 3864 inflatus
974 3790 1108 3865 versus?
1142 3795 1246 3866 Non·

240 3909 283 3955 ne
308 3906 383 3981 tuus
405 3890 571 3989 Virgilius
585 3887 726 3961 inflatior
744 3887 827 3980 eil?u
841 3897 949 3962 Arma
966 3891 1133 3986 virumque
1155 3915 1246 3964 cano.

174 3994 177 4003 “
240 3980 365 4060 Nonne
391 3984 455 4058 lroc
481 3983 671 4085 spumosum
688 3986 754 4074 est,
777 4009 887 4061 nonne
912 3985 977 4062 hoc
998 3987 1044 4060 ell
1067 4007 1102 4062 ut
1120 3989 1245 4060 ramale

1147 4102 1244 4161 Vesus
