2859 4709
226 388 352 515 Ι586
449 403 820 483 Ponrnos‘rr
867 409 1067 483 Macra

250 535 294 603 ad
318 538 521 606 maturanda·
535 535 659 607 semina
685 532 815 625 iniqui,
836 531 954 604 verum
983 532 1064 603 aded
1092 529 1263 611 luxuriosa

234 628 364 703 ‘herbis
386 654 454 702 non
481 630 562 704 latis
588 629 712 711 modd,
741 631 796 701 sed
823 629 920 700 etiam
948 626 1134 707 dulcibus,
1164 648 1199 701 ut
1225 631 1260 704 se

253 727 376 822 exigua
406 730 587 820 parte.diei
620 751 742 819 pecora
765 727 953 818 impleant,
986 724 1021 798 ὰ
1049 724 1107 797 ulfi
1132 727 1258 818 pabulo

252 823 519 914 prohibeantur,
541 823 661 896 diutius
688 823 776 916 palla
800 820 958 915 difliliant.
1001 822 1161 896 Cultores
1188 825 1256 919 ejus

252 919 413 992 inconditi
439 920 531 1002 sunt,
552 923 588 994 δὲ
613 922 766 993 omnium
788 923 950 994 virtutum
978 920 1104 1014 ignari,
1126 922 1256 1011 pietatis

251 1017 436 1093 admodum
463 1037 624 1109 expertes.
670 1018 826 1111 Triginta
850 1014 1120 1088 suntOrchades
1145 1041 1256 1113 angu-

251 1110 307 1185 slis
334 1115 417 1186 inter
433 1112 631 1199 sedidudlae
648 1111 772 1204 spaciis.
813 1113 953 1204 Septem
974 1111 1152 1185 Hemodes
1175 1139 1255 1186 con·

252 1225 301 1280 rra
329 1211 547 1286 Germaniam
571 1210 729 1301 projeclae
752 1211 786 1278 in
811 1209 871 1280 illo
899 1207 997 1285 sinus
1021 1234 1122 1302 quem
1141 1211 1253 1284 Coda-

251 1327 334 1376 num
353 1307 508 1380 diximus.
553 1309 605 1378 Ex
620 1307 658 1377 iis
674 1306 893 1381 Codanonia‚
910 1329 1011 1400 quam
1034 1306 1142 1378 adhuc
1161 1309 1253 1380 Teu·

251 1402 489 1484 reniterent,
515 1422 553 1474 ut
580 1402 807 1499 magnitudine
831 1401 935 1485 alias,
965 1403 1009 1474 ita
1038 1400 1251 1478 foecunditate

250 1496 393 1570 antellat.
445 1500 538 1595 Quae
574 1501 729 1571 Sarmatis
762 1495 894 1571 adversa
929 1495 1002 1570 sunt
1037 1500 1083 1570 ob
1118 1503 1250 1574 alternos

250 1589 393 1668 arcellus
408 1614 426 1678 5
444 1595 653 1689 recursusque
680 1596 815 1691 pelagi,
843 1594 879 1668 ἃ
912 1593 1002 1685 quiid
1021 1593 1139 1689 spacia
1166 1600 1248 1690 queis
1286 1650 1288 1661 .

252 1689 391 1776 distant,
419 1691 523 1766 modi>
552 1696 748 1784 operiuntur
773 1692 891 1772 undis,
913 1690 1020 1762 modd
1051 1695 1142 1767 nuda
1166 1697 1247 1776 lunt,

250 1785 326 1860 aliis
357 1786 469 1861 insulae
497 1791 675 1869 videntur,
702 1787 778 1862 aliis
803 1813 868 1862 una
892 1787 928 1861 ἃ
958 1787 1137 1862 continens
1165 1810 1243 1864 terra.

250 1885 294 1955 In
321 1884 371 1957 his
395 1884 464 1958 elle
487 1889 635 1965 Oonas,
668 1887 728 1979 qui
764 1889 837 1958 ovis
861 1885 974 1960 ¹avium
1002 1886 1244 1976 palustrium&

250 1984 362 2054 avenis
393 2002 521 2057 tantum
544 1985 707 2057 alantur:
736 1979 801 2052 else
829 1981 957 2074 equinis
987 1983 1134 2072 pedibus
1167 1985 1244 2076 Hip,

249 2082 374 2172 podas,
389 2079 437 2152 ⁴&
462 2080 687 2173 Otomegalos
716 2079 837 2172 quibus
860 2101 990 2171 magnae
1021 2072 1141 2165 auresl
1163 2080 1244 2156 &a'd

249 2174 466 2249 ambiendum
491 2199 613 2267 corpus
640 2199 741 2246 omne
769 2177 906 2264 pnulaer
924 2175 1171 2271 nudis-alioqui
1191 2202 1244 2268 pro

247 2271 338 2342 velle
366 2271 446 2354 sint,
476 2290 693 2365 preterquam
723 2269 814 2366 qudd
839 2271 958 2344 sabulis
980 2274 1126 2363 traditur
1145 2277 1244 2346 audio·

249 2391 302 2438 res
331 2369 429 2441 etiam
459 2392 545 2460 quos
568 2367 658 2460 sequi
688 2394 755 2438 non
782 2371 920 2463 pigeat,
945 2369 1097 2441 invenio.
1143 2371 1243 2443 Thule

250 2464 430 2562 Belgarum
456 2465 558 2535 littori
580 2464 731 2558 oppostta
750 2466 806 2536 ell.
848 2464 1151 2540 &disserentis
1173 2469 1245 2539 cele·

247 2558 338 2634 brata
366 2562 576 2636 carminibus.
616 2564 659 2633 In
684 2588 722 2635 ea
749 2560 851 2652 quod·
868 2561 914 2631 sol
942 2563 1046 2656 longe
1081 2564 1245 2656 occasurus

249 2660 401 2756 exurgit.
423 2658 543 2730 breves
561 2659 677 2750 utique
701 2661 814 2730 noctes
834 2658 926 2733 sunt,
941 2657 995 2728 sed
1019 2684 1078 2749 per
1096 2659 1247 2757 hyemem

246 2753 330 2828 licut
361 2754 448 2832 alibi·
475 2753 659 2838 obscurae,
694 2753 801 2825 aeslate
817 2755 976 2835 lucidae,
1011 2755 1105 2848 quiid
1136 2758 1249 2850 perid

246 2869 383 2944 ,tempus
405 2853 471 2946 jam
500 2848 531 2922 se
556 2847 652 2923 altilis
683 2850 849 2934 evehens,
879 2875 1065 2944 quanquam
1093 2854 1163 2943 ipse
1186 2878 1251 2926 non
1286 2854 1290 2945 j·

244 2970 419 3027 cernatur,
447 2949 557 3020 vicino
585 2965 694 3018 tamen
720 2945 894 3041 splendore
918 2951 1067 3041 proxima
1091 2949 1250 3021 illustrat:

242 3071 305 3141 per
324 3043 495 3118 solllitium
515 3043 596 3118 vert>
613 3046 731 3125 nulle,
753 3042 845 3138 quiid
865 3063 937 3116 tum
963 3047 1026 3140 jam
1046 3046 1250 3118 manifestior

220 3167 313 3221 ,mon
338 3142 384 3216 ful
414 3160 507 3214 orem
537 3144 661 3221 modo.
687 3139 742 3214 sed
768 3141 815 3215 sui
837 3164 973 3236 quoque
995 3158 1125 3232 partem
1152 3143 1251 3215 maxi·

243 3264 335 3313 mam
362 3167 508 3312 nieman
553 3239 659 3313 Talea
680 3240 714 3308 in
739 3237 868 3330 Caspio·
885 3238 967 3310 mari
989 3237 1058 3309 line
1081 3242 1177 3314 cultu
1193 3239 1249 3312 ser·

241 3338 327 3419 tilis,
352 3338 444 3408 omni
474 3336 600 3429 fruge,
631 3361 669 3407 ac
699 3333 866 3406 fruuibus
891 3333 1085 3428 abundans:
1117 3337 1176 3409 sed
1200 3338 1248 3411 vi·

241 3433 306 3504 cini
331 3435 446 3527 populi
475 3455 548 3524 quae
577 3433 764 3528 gignuntur
793 3432 968 3526 attingere
983 3431 1102 3533 nefas,
1131 3434 1169 3508 &
1196 3457 1249 3526 pro

240 3529 414 3626 sacrilegio
439 3527 592 3611 habent,
619 3530 680 3601 diis
709 3548 828 3622 parata
849 3525 1105 3609 existimantes,
1134 3531 1250 3625 diisque

237 3627 403 3701 servanda.
450 3627 506 3700 Ali
531 3645 589 3697 uot
620 3626 656 3700 δι
687 3622 750 3698 illis
779 3625 875 3702 oris,
901 3649 989 3717 quas.
1005 3623 1154 3719 desertas
1176 3627 1248 3699 diri·

240 3747 335 3804 mus,
359 3747 454 3818 reque
478 3652 614 3794 delertae
637 3721 811 3816 adjacent,
833 3743 912 3813 quas
936 3720 1003 3792 fine
1025 3727 1175 3815 propriis
1197 3749 1249 3794 no·

238 3822 385 3894 minibus
420 3817 592 3914 Scythicas
619 3840 751 3890 vocant.
803 3819 861 3894 'Ab
886 3818 925 3889 iis
962 3820 994 3890 in
1021 3820 1141 3892 Eoum
1171 3841 1248 3892 mare

235 3915 347 3994 cursus
369 3915 572 3993 inlledlitur‚
601 3917 700 4010 inque
722 3940 815 3988 oram
833 3933 927 3985 terrae
951 3915 1127 4008 speslantis
1151 3922 1249 3991 orien·

228 4045 304 4102 tem
330 4019 521 4122 pertinetr-
544 4011 641 4093 linc
660 4013 687 4084 ‘u
710 4010 868 4106 scissim
887 4016 1138 4099 promuntorio¹
1155 4037 1250 4171 appo.

1203 4129 1262 4179 m

154 4340 219 4360 hx.
