2859 4709
273 408 344 505 328
464 368 833 482 Pomeo'urr
877 406 1075 509 Mysum

271 533 392 613 Seres,
416 532 453 610 &
478 530 624 628 Scythas.
667 536 764 606 Seres
791 534 898 605 media
924 532 1029 606 ferme
1061 533 1148 604 Eoae
1171 530 1268 627 partis

270 629 428 702 incolum.
472 631 547 700 Indi
569 631 605 704 8(
629 630 762 726 Scythae
781 629 918 704 ultima:
940 633 1040 700 ambo
1069 632 1134 701 iate
1156 653 1264 720 paren·

271 743 348 803 res,
373 750 479 820 neque
504 729 535 796 in
562 727 627 797 hoc
653 747 781 799 tautum
808 727 946 822 pelagus
974 724 1075 799 effufi.
1099 729 1263 816 ,spemn

272 821 361 891 enim
388 826 484 893 etiam
507 826 678 893 meridiem
706 824 802 893 Indi:
833 823 1003 914 Oramque
1030 820 1137 894 Indici
1161 848 1265 895 mares

271 914 293 1009 (
303 917 359 989 nisi
388 918 447 989 ubi
471 919 562 992 aestus
593 918 838 990 inhabitabilem
869 918 991 1011 efficit)
1017 923 1073 990 diu
1101 914 1267 990 continuis

271 1013 427 1107 gentibus
453 1037 624 1108 occupant.
640 1050 650 1114 '.
665 1014 816 1107 Spediant
841 1015 1150 1108 &septentrionem
1176 1019 1264 1111 Scy-

271 1110 354 1182 thae:
381 1136 417 1182 ac
436 1112 509 1183 litus
525 1112 713 1208 Scythicum
734 1107 816 1199 (nisi
836 1116 925 1182 unde
948 1109 1130 1207 frigoribus
1153 1117 1264 1184 a'rren·

269 1206 352 1299 rur)
377 1209 537 1300 usquead
560 1208 716 1300 Caspium
740 1205 845 1279 sinum
870 1210 1046 1299 possident.
1083 1211 1170 1280 Inde
1193 1234 1264 1299 pro·

270 1302 361 1375 xima
383 1304 428 1373 eii
445 1306 585 1383 Ariane,
603 1305 722 1376 deinde
737 1306 885 1385 Ana‚&
900 1304 1083 1384 Gedrofis,
1096 1305 1134 1380 &
1151 1304 1262 1386 Persis,

270 1400 312 1469 ad
344 1397 447 1468 sinum
480 1397 655 1472 Persicum.
703 1395 807 1472 Hune
842 1405 958 1492 populi
992 1399 1168 1474 Persarum
1192 1427 1260 1472 arn·

269 1493 384 1575 biunt,
406 1496 500 1566 illum
524 1501 662 1570 aiterum
684 1497 817 1569 Arabes.
855 1497 915 1589 Ab
932 1500 991 1578 iis,
1013 1501 1109 1593 quod
1129 1497 1163 1568 in
1182 1492 1260 1567 Afri·

269 1614 343 1663 cam
368 1591 493 1674 restat,
518 1594 716 1684 AEthiopum
743 1594 800 1665 esi.
849 1593 922 1665 Ilsic
952 1595 1111 1688 Caspiani
1140 1594 1258 1689 Scythis

268 1689 435 1782 proximi,
459 1689 563 1761 sinum
591 1690 749 1779 Caspium
775 1692 922 1786 cingunt.
968 1693 1086 1771 Ultra,
1115 1694 1256 1763 Amazo-

268 1809 350 1866 nes,
371 1784 520 1879 uitrique
537 1811 590 1859 eas
610 1785 827 1883 Hyperborei
852 1787 1174 1860 eise-memorantur.
1207 1788 1256 1858 ln·

268 1881 388 1975 teriora
416 1899 575 1956 terrarum
608 1887 722 1955 mustae
756 1882 916 1976 variaque
949 1904 1068 1978 gentes
1103 1883 1255 1964 habitant,

269 1981 435 2059 Camari,
459 1980 495 2053 δι
524 1980 687 2061 Paricani,
710 1983 747 2055 dr
778 1981 908 2062 utari,
932 1980 1085 2066 Susiani,
1107 1981 1253 2052 Pharma·
1289 2044 1293 2051 .

269 2075 444 2169 eottophi,
473 2076 667 2156 Bomarei‘,
686 2077 872 2158 Coamani,
905 2077 1120 2169 Rophanes‚
1148 2077 1255 2148 Dahoe.

268 2178 376 2266 Super
399 2171 535 2270 Scythas
550 2174 818 2270 Scytharumque
839 2171 984 2252 deserta,
1009 2200 1047 2247 ac
1068 2173 1160 2265 super
1178 2170 1255 2244 Cas·
1294 2234 1295 2239 ,

266 2273 361 2363 pium
387 2270 517 2349 smum,
546 2271 704 2350 Comari,
735 2270 947 2366 Massageta,
976 2270 1140 2348 Cadusn,
1160 2268 1256 2363 Hyr·

268 2369 360 2456 cani,
385 2365 520 2437 Hiberi.
573 2368 679 2458 Super
705 2372 893 2441 Amazonas
924 2368 960 2441 dr
987 2366 1257 2460 Hyperboreos,

268 2464 464 2546 Cimmerii,
480 2460 633 2560 Scythae,
649 2464 813 2544 Eniochi,
829 2463 983 2557 Georgi,
998 2464 1159 2544 Moschi,
1176 2464 1258 2536 Cor·

267 2560 355 2642 srtae,
371 2558 548 2642 Phorisiae‚
567 2558 752 2652 Riphaces:
772 2580 890 2656 atque,
904 2561 963 2632 ubi
981 2565 1015 2630 in
1036 2560 1145 2632 nosira
1163 2562 1258 2632 maria

266 2659 386 2731 etesius
410 2658 561 2739 excedit,
583 2657 721 2738 Mardi,
745 2658 956 2730 Antibarani:
981 2656 1173 2731 &notiora
1197 2657 1261 2749 jam

266 2759 425 2836 nomina,
445 2756 544 2827 Medi
557 2795 567 2832 ‚
581 2753 753 2836 Armenii,
766 2753 978 2851 Comageni,
995 2754 1152 2828 Murrani
1162 2800 1175 2839 ,
1195 2755 1261 2828 Ve·
1288 2848 1290 2853 Ι

266 2855 357 2944 geri,
379 2852 614 2942 Cappadoces,
638 2851 857 2947 Gallograeci‚
882 2854 1062 2933 Lic'aones,
1090 2853 1261 2946 Phryges,
1286 2890 1289 2901 .

265 2948 402 3025 Pisidae,
416 2947 535 3027 Isauri,
549 2947 657 3044 Lydi,
674 2949 880 3044 Sytociliees.
905 2947 1029 3020 Rursus
1043 2971 1085 3017 ex
1102 2948 1167 3022 iis,
1187 2970 1260 3042 que
1285 2952 1295 3023 't

264 3044 440 3118 meridiem
466 3042 631 3135 spedant,
653 3049 779 3116 eadem
805 3063 922 3139 gentes
944 3043 1095 3115 interiora
1126 3061 1258 3127 renent,
1286 3032 1295 3135 ᾗ

264 3144 427 3234 usquead
447 3139 550 3211 sinum
573 3140 748 3216 Persicum.
789 3142 896 3233 Super
920 3142 1008 3214 hunc
1031 3138 1105 3219 sunt
1129 3140 1257 3221 Parthi,
1283 3176 1287 3215 .-

264 3239 368 3318 Susd,
386 3239 421 3312 δι
438 3236 634 3334 babylonii:
658 3237 756 3330 super
777 3238 869 3311 ilium
892 3239 1043 3315 aiterum,
1058 3235 1210 3309 Arabes:
1225 3233 1254 3305 ἅ

263 3335 363 3430 super
384 3334 558 3426 AEthiopas
582 3337 747 3434 AEgyprii.
791 3336 884 3428 Ripis
907 3330 980 3406 Nisi
1001 3339 1111 3406 amnis
1130 3333 1167 3408 ἃ
1184 3328 1250 3403 mari

263 3432 417 3526 proxima
448 3433 549 3502 iidem
573 3434 728 3527 AEgyprii
760 3435 943 3524 possidens·
977 3431 1118 3501 Deinde
1144 3427 1249 3506 Arabia

262 3528 399 3626 angusta
422 3528 532 3599 fronte
553 3525 716 3620 sequentia
739 3527 846 3601 littora
868 3528 1008 3620 attingit.
1049 3532 1111 3599 Ab
1131 3555 1189 3607 ea,
1208 3518 1247 3595 us·

264 3651 330 3716 que
355 3629 397 3697 ad
422 3619 549 3700 flexum
572 3625 666 3698 illum
687 3652 787 3722 quern
810 3624 904 3718 supr'a
928 3624 1126 3708 retulimus,
1151 3624 1245 3722 Syris:

263 3723 301 3798 δί
326 3724 358 3794 in
382 3720 452 3812 ipso
480 3721 568 3794 flexu
583 3765 595 3804 2
613 3722 778 3797 Cilicia:
804 3744 893 3795 extra
923 3743 1035 3794 autem
1063 3722 1198 3818 Lycia,
1219 3716 1246 3790 ἅ

263 3817 469 3912 Pamphilio,
500 3820 621 3894 Caria,
645 3820 765 3900 Ionia,
790 3821 927 3900 Arosis,
950 3816 1062 3890 Troas
1093 3813 1247 3913 usquead

261 3913 531 4012 Hellespontum.
579 3916 635 3988 Ab
658 3942 700 3989 eo
727 3917 861 4015 Bithyni
892 3916 964 3987 sunt
995 3919 1037 3986 ad
1073 3915 1248 3986 Thracium

259 4015 498 4116 Bosphorum.
528 4014 794 4091 Circeiensem
805 4011 1079 4104 abnuespopuli,
1096 4014 1163 4085 alio
1179 4010 1249 4084 aiio·

982 4116 987 4125 .
1205 4125 1261 4188 Q
1292 4148 1295 4158 1
