2859 4709
624 365 783 514 (ἐ)
879 416 952 441 “

694 440 735 517 57

209 736 614 867 »ΑΝεΕιυε
673 738 1167 825 Pom-altatus

217 977 224 1000 .
302 920 515 1009 Ja‘cosso
548 919 821 1007 Satvtato
854 949 952 1004 sao
984 921 1103 1045 S.ID.

292 1114 330 1184 N
355 1112 521 1210 Rusticum
544 1113 614 1187 tibi.
662 1115 706 1186 Id
735 1115 779 1185 ilii
802 1114 921 1187 scilicet
945 1116 987 1188 ab
1008 1135 1208 1223 argumento

310 1211 450 1280 inditum
479 1237 631 1284 nomen:
667 1231 727 1282 tuo
764 1215 879 1282 coatia
904 1218 1026 1304 ¹prodit
1061 1239 1093 1283 111
1131 1218 1209 1288 vul·

207 1333 313 1402 gum:
347 1307 407 1377 tibi
442 1309 488 1380 est
517 1313 575 1382 uni
604 1308 762 1402 quicquid
793 1310 946 1380 acciderit
975 1313 1209 1403 imputaturus.

207 1408 325 1487 Jamne
353 1403 474 1487 santis,
504 1431 603 1500 quam
633 1407 691 1474 tibi
717 1409 857 1477 tuendus
884 1406 952 1488 stt,
981 1411 1035 1478 vei
1066 1429 1124 1479 tuo
1156 1409 1210 1499 ip-

208 1500 270 1573 sius
300 1502 467 1583 nomine,
493 1505 546 1573 vel
576 1500 688 1571 meo?
736 1493 938 1573 Tua‘enim
967 1503 1050 1576 fides
1078 1506 1112 1574 in
1141 1530 1209 1586 e0,

190 1621 304 1677 ¹meus
336 1597 445 1668 honos
472 1601 601 1693 agitur:
631 1596 726 1685 cujus
764 1598 925 1688 quidem,
957 1597 994 1672 δι
1027 1600 1050 1670 st
1079 1601 1210 1693 semper

208 1719 289 1766 cura
316 1697 403 1786 apud
427 1711 459 1765 te
492 1696 557 1788 jam
590 1695 666 1764 inde
690 1693 706 1763 a
731 1695 868 1784 pueritia
900 1695 1074 1777 excubuit,
1100 1717 1210 1769 tamen

210 1815 290 1861 eum
322 1791 402 1862 tueri
430 1815 542 1873 nunc,
571 1791 622 1862 vel
650 1788 696 1860 ob
723 1793 757 1859 id
793 1791 897 1880 ipsum
935 1791 1111 1885 impentius
1148 1798 1211 1865 de-

209 1885 305 1964 bes,
336 1885 426 1980 qutid
459 1912 493 1959 es
531 1910 638 1977 nuper
676 1888 857 1957 Laurentio
898 1888 1028 1957 Medici
1071 1891 1211 1980 principi

210 1985 310 2061 viro,
346 1986 441 2080 cujus
470 2009 553 2080 ergo
584 1983 711 2063 cliens,
749 1979 963 2073 alumnusque
994 1983 1091 2064 sum,
1125 2011 1211 2059 unus

209 2104 252 2150 ex
280 2082 372 2150 omni
403 2082 587 2152 Florentina
613 2077 787 2172 juventute
814 2102 929 2171 gener·
948 2076 1075 2150 ascitus.
1128 2085 1212 2153 Pro·

208 2176 258 2245 fer
289 2176 392 2269 igitur
426 2179 458 2244 in
492 2179 546 2247 tali
584 2175 765 2266 patrocinio
804 2175 1016 2246 autoritatem
1048 2200 1212 2265 omnem,

209 2291 306 2365 atque
335 2273 502 2365 gratiam,
535 2295 635 2364 quam
663 2272 814 2341 videlicet
845 2269 904 2339 tibi
934 2270 969 2344 δι
1002 2273 1063 2343 viri
1099 2276 1211 2344 excel·

210 2369 304 2438 lentis
331 2366 490 2447 affinitas,
523 2366 559 2441 ὅ(
586 2385 640 2438 tua
668 2369 804 2461 egregia
830 2366 980 2449 indoles,
1012 2377 1212 2462 morumque

211 2463 348 2538 suavitas
375 2464 560 2539 conciliant.
611 2461 721 2542 Vale,
743 2487 889 2555 meque,
919 2480 955 2535 ut
977 2463 1078 2545 facis,
1106 2491 1188 2538 ama.
