2859 4709
201 428 272 548 57⁸
371 426 762 524 strumentus
808 450 1011 525 Mau

487 624 789 711 CAPUT
843 627 913 710 11.

327 754 543 877 Exntnt
588 792 918 913 Ganntattttm
963 815 1081 875 ont.
1137 811 1140 818 ·

201 959 402 1133 SEquitur
434 956 554 1036 Galliae
579 961 662 1032 latus
687 959 858 1040 alterum,
884 957 980 1052 cujus
1007 983 1063 1032 ora
1085 957 1195 1052 primd

278 1058 358 1128 nihil
387 1054 551 1151 progteffa
577 1056 611 1125 in
639 1056 763 1142 altum,
791 1076 875 1126 tnox
896 1057 1090 1127 tantundem
1111 1052 1198 1151 penit

200 1154 236 1224 in
264 1156 401 1249 pelagus
427 1154 615 1235 excedens,
643 1171 803 1246 quantum
826 1169 918 1223 retro
944 1152 1105 1245 Hispania
1126 1152 1201 1226 abt

201 1249 369 1326 cesserat,
406 1247 610 1321 Cantabricis
633 1247 668 1319 fit
706 1245 840 1323 adversa
863 1249 987 1332 terris,
1021 1249 1059 1324 dt
1092 1251 1201 1345 grandi

203 1345 342 1417 circuitu
359 1344 477 1415 inflexa
491 1387 503 1424 ,
519 1346 560 1416 ad
581 1346 790 1415 occidentem
812 1345 901 1417 littus
916 1347 1069 1418 advertit.
1106 1349 1202 1420 Tune

202 1445 244 1513 ad
268 1438 506 1533 septentriones
541 1441 732 1525 conversa,
760 1442 879 1515 iterum
912 1441 1019 1537 longo
1047 1445 1200 1540 tedoqne

200 1537 306 1631 ttabttt
332 1539 374 1609 ad
400 1537 486 1628 ripas
512 1535 623 1610 Rheni
651 1535 757 1611 amnis
777 1540 986 1631 expanditur.
1029 1540 1139 1612 Tetra
1158 1540 1200 1612 est

201 1632 357 1706 frumenti
385 1632 571 1727 praecipue,
597 1633 639 1707 dt.
659 1635 771 1724 pabuli
795 1635 910 1714 fetant,
938 1633 977 1710 &
1000 1660 1138 1709 amoena
1156 1639 1201 1729 lu-

203 1732 253 1802 cis
278 1729 508 1811 immanibus,
535 1733 691 1825 quicquid
716 1757 760 1804 ex
783 1730 854 1805 satis
876 1732 1013 1824 frigoris
1035 1735 1200 1825 impatiens

204 1826 273 1908 est,
298 1852 378 1924 ager
396 1850 458 1898 nec
477 1825 603 1921 ubique
628 1827 708 1910 alit,
734 1826 771 1901 dt
798 1830 902 1901 noxio
930 1851 1061 1923 genete
1090 1833 1201 1904 anima·

163 1976 165 1981 .
203 1923 288 1999 lium
314 1922 453 1996 minime
480 1925 661 2020 frequens.‘
694 1924 825 1999 Gentes
854 1923 1031 2017 supetbae‚
1059 1925 1201 2020 supetssi·

203 2022 320 2101 nosne,
352 2020 652 2113 aliquando'etiam
684 2021 845 2094 immanes
879 2018 999 2106 ndei),
1032 2041 1074 2094 ut
1103 2025 1202 2107 botni-

204 2140 285 2190 nem
312 2118 498 2209 optimam,
531 2115 568 2192 &
601 2116 811 2212 gratiffimam
838 2119 898 2190 diis
931 2120 1108 2192 vibiimam
1138 2148 1202 2194 cte·

206 2217 347 2305 derent3
371 2235 502 2286 manent
527 2213 665 2310 vestigia
688 2213 825 2287 feritatis
849 2215 915 2310 jam
932 2215 1093 2298 abolita,
1118 2239 1201 2312 atque

205 2329 243 2386 ut
276 2312 317 2385 ab
343 2309 494 2384 humanis
522 2312 667 2384 caedibus
690 2330 899 2403 temperant,
924 2313 968 2382 ita
995 2314 1205 2389 nibilominus

206 2407 266 2482 ubi
298 2411 440 2479 devotos
466 2404 619 2481 altaribus
644 2409 858 2489 admonete,
888 2408 1059 2482 delibant:
1091 2413 1206 2486 habent

207 2501 380 2580 tamen&
415 2503 603 2577 facundiam
641 2503 732 2577 suam
768 2504 1004 2600 magistrosque
1044 2494 1209 2602 sapientia

207 2604 366 2676 Druidas.
416 2593 467 2673 Hi
499 2623 623 2684 terrae‚
650 2604 833 2693 mundique
858 2605 1152 2698 magnitudinem,
1178 2609 1211 2682 &

207 2702 380 2780 formam,
406 2718 518 2773 motus
543 2699 623 2770 coeti
647 2699 683 2773 dt
712 2697 892 2791 syderum,
917 2726 955 2770 ae
980 2701 1060 2793 quid
1084 2707 1131 2775 dii
1156 2730 1212 2778 ve·

209 2797 294 2875 lint,
327 2797 408 2867 scite
426 2874 427 2877 Ἴ
444 2795 674 2889 profitenturt
712 2799 832 2865 docent
863 2798 966 2871 multa
996 2798 1214 2873 nobiliffimos

210 2894 320 2987 gentis
353 2891 437 2962 clim
467 2893 502 2969 ὅ(
532 2894 588 2963 diu
617 2892 739 2963 vicenis
763 2893 855 2972 annis
884 2896 918 2964 in
950 2892 1072 2988 specu,
1097 2898 1213 2969 autin

210 2990 327 3060 abditis
354 2987 501 3070 saltibus.
539 2990 652 3060 Unum
679 3013 722 3059 ex
754 2989 794 3060 iis
827 3014 901 3080 quae
927 2991 1149 3082 praecipiunt,
1177 2992 1215 3063 in

211 3087 333 3180 vulgus
363 3082 487 3166 effluit,
515 3082 691 3168 ¹videlicet,
715 3106 752 3160 ut
776 3085 886 3157 forent
917 3091 960 3160 ad
984 3086 1067 3160 belia
1093 3086 1216 3160 melio·

212 3207 287 3264 tes,
312 3199 448 3253 aeternas
474 3182 536 3253 effe
564 3184 712 3263 animas,
734 3184 903 3278 vitamque
920 3188 1057 3256 alteram
1079 3191 1122 3258 ad
1137 3189 1217 3260 Ma·

214 3303 291 3355 nes..
331 3280 450 3370 Itaque
485 3303 562 3350 cum
591 3297 741 3351 mortuos
761 3298 919 3373 tremant
944 3305 982 3352 ac
1013 3281 1216 3364 defodiunt,

215 3396 290 3466 apta
323 3374 510 3449 viventibus
541 3376 620 3446 olim
657 3377 880 3470 negociorum
912 3375 1021 3460 ratio,
1050 3381 1216 3453 etiam&

216 3473 346 3544 exadbio
370 3474 484 3542 crediti
507 3471 711 3544 deferebatur
734 3476 775 3544 ad
796 3470 927 3545 inferos.
967 3477 1138 3570 Erantque
1164 3477 1217 3574 qui

216 3567 249 3640 se
277 3571 311 3639 in
340 3592 444 3661 rogos
470 3568 627 3651 suorum,
646 3568 738 3640 velut
755 3592 820 3642 una
837 3572 963 3669 Κνὶὅίιιτί
982 3572 1128 3675 {ibenter
1154 3576 1217 3646 im·

217 3665 395 3736 mitterent.
438 3667 553 3760 Regio
569 3688 668 3758 quam
687 3665 834 3739 incolunt
857 3668 964 3740 omnis
980 3688 1112 3741 comata
1135 3672 1217 3749 Gal·

217 3761 272 3833 lia.
314 3763 521 3851 Populorum
544 3763 605 3834 tria
631 3760 757 3835 summa
781 3765 914 3837 nomina
935 3765 1028 3848 sunt,
1043 3772 1218 3841 terminan-

218 3876 340 3950 turqne
367 3856 474 3930 fluviis
496 3856 696 3956 ingentibus.
737 3862 829 3932 Nam
852 3861 870 3934 a
890 3865 1050 3960 Pyrenaeo
1078 3866 1121 3934 ad
1145 3870 1218 3942 Ga·

216 3977 405 4042 rumnam,
441 3957 633 4053 Aquitaniae
656 3955 697 4025 ab
722 3980 764 4026 eo
784 3963 827 4031 ad
861 3961 1045 4054 Sequanam
1053 4002 1070 4045 ‚⁴
1088 3961 1218 4036 Celtae:

210 4058 298 4137 inde
331 4061 379 4137 ad
394 4057 581 4160 ‘Rhenum
610 4051 781 4149 petitnent
806 4054 942 4144 beben.
990 4058 1249 4206 buimont&
