2859 4709
200 454 282 548 sse
403 455 768 547 Pouronu
815 451 1011 528 Mean

477 626 776 714 CAoPUT
832 629 933 712 ΙΙΙ.

504 796 923 878 Genuamtm

204 957 455 1138 GErmania
477 964 553 1041 hinc
577 966 658 1058 ripis
675 967 747 1061 ejus
768 963 871 1058 bsque
886 965 929 1036 ad
954 958 1106 1053 Alpem
1124 971 1199 1031 meo·

316 1067 399 1136 tidie
427 1063 502 1157 ipsis
525 1063 693 1156 Alpibus:
724 1061 765 1134 ab
790 1062 920 1133 oriente
936 1113 939 1118 -
954 1061 1200 1132 Sarmaticarum

201 1161 348 1233 confinio
375 1161 556 1255 gentium:
582 1156 648 1252 qu'a
668 1156 922 1250 septentrionem
947 1154 1066 1248 speblat
1088 1153 1202 1225 oceani
1248 1236 1249 1239 Ἴ

202 1258 314 1331 littore
334 1257 477 1329 obducta
494 1257 549 1328 est.
589 1254 660 1347 Qui
674 1255 841 1336 habitant,
861 1255 1025 1324 immanes
1049 1250 1119 1322 sunt
1135 1251 1202 1322 ani·

203 1354 388 1446 pulsatque
414 1351 633 1442 corporibus,
657 1349 755 1425 &ad
781 1349 906 1422 insitam
930 1349 1099 1420 feritatem
1120 1346 1200 1418 valle

203 1468 340 1543 utraque
365 1468 541 1532 exercent,
557 1448 709 1520 bellando
729 1449 888 1528 animos,
900 1469 1047 1536 corpora
1064 1447 1106 1516 ad
1123 1467 1196 1514 con·

203 1541 390 1616 suetudines
416 1543 599 1617 laborum:
631 1543 781 1616 maximo
807 1544 936 1639 frigore
969 1541 1053 1614 nudi
1080 1557 1197 1635 agunt:

204 1657 381 1733 antequam
403 1641 544 1733 puberes
565 1640 645 1726 lint,
668 1639 705 1714 ὃ(
727 1640 911 1738 longissima
935 1641 1025 1729 apud
1045 1661 1106 1709 eos
1126 1659 1197 1727 pue·

204 1735 279 1809 titia
306 1736 376 1821 est,
406 1737 469 1811 viri
483 1735 578 1832 'sagis
610 1737 790 1820 velantur,
819 1756 874 1810 aut
903 1734 994 1806 libris
1022 1732 1198 1808 arborum»

204 1835 357 1925 quamvis
391 1831 471 1906 saeva
496 1833 646 1932 hyeme,
675 1833 773 1904 nandi
801 1857 868 1904 non
894 1832 1049 1922 patientia
1078 1847 1198 1903 tantun

205 1930 292 2010 illis,
313 1928 457 2002 studium
475 1932 573 2003 etiam
591 1928 657 2003 est:
682 1930 768 2001 bella
791 1953 870 2002 cum
892 1927 1041 2000 finitimis
1066 1945 1200 2024 gerunt,

207 2025 318 2099 causas
345 2050 465 2098 eorum
488 2051 531 2098 ex
555 2025 689 2100 libidine
713 2025 904 2104 accersunt,
927 2048 1037 2119 neque
1062 2023 1200 2116 imperi·

207 2125 297 2195 tandi
320 2121 586 2216 prolatandique,
603 2148 677 2216 quae
693 2122 854 2213 poffictent
876 2121 981 2213 (nam
1003 2145 1045 2190 ne
1061 2121 1119 2193 illa
1135 2119 1197 2213 qui·

207 2221 286 2290 dem
315 2218 413 2290 enixe
446 2219 587 2311 colunt)
612 2218 667 2291 sed
696 2238 732 2289 ut
764 2221 850 2290 circa
881 2215 968 2308 ipsos
993 2242 1070 2310 quae
1104 2216 1197 2308 jacent

207 2315 295 2390 valla
308 2313 382 2387 sint.
429 2316 489 2396 Jus
508 2315 542 2384 in
561 2313 690 2387 uiribus
712 2315 852 2398 hahent,
867 2311 959 2394 ¹adeb
982 2333 1021 2386 ut
1042 2337 1088 2384 ne
1112 2316 1201 2385 latro·

208 2413 287 2483 cinii
307 2412 440 2503 quidem
459 2415 598 2502 pudeat,
624 2429 752 2484 tantum
776 2409 956 2502 hospitibus
971 2409 1079 2490 boni,
1100 2405 1203 2480 mites·

208 2534 275 2602 que
298 2507 518 2599 supplicibus:
545 2507 634 2579 viblu
654 2510 696 2579 ita
722 2507 826 2600 asperi
846 2508 1050 2601 incultique,
1068 2525 1108 2578 ut
1132 2530 1204 2577 cru-

209 2610 251 2677 da
277 2601 375 2676 etiam
399 2628 495 2675 carne
521 2603 714 2688 vescantur,
732 2623 788 2676 aut
812 2606 956 2696 recenti,
982 2622 1037 2675 aut
1060 2628 1140 2676 cum
1164 2593 1207 2671 ri-’

208 2721 346 2796 gentem
374 2700 407 2771 in
432 2700 505 2793 ipsis
535 2703 702 2792 pecudum
726 2702 937 2794 setarumque
966 2700 1064 2772 coriis
1096 2700 1207 2771 mani·

209 2799 274 2873 bus
297 2796 498 2889 pedibusque
533 2796 722 2888 subigentes
749 2813 958 2869 renovarunt.
1007 2798 1115 2868 Terra
1141 2793 1205 2886 ipsa

211 2895 324 2966 multis
342 2895 500 2988 impedita
523 2891 735 2971 fluminibus,
752 2895 865 2965 multis
886 2892 1053 2965 montibus
1072 2891 1203 2982 aspera,

210 2991 249 3064 &
268 3014 387 3084 magna
410 3014 452 3062 ex
476 3009 565 3082 parte
591 2989 688 3086 sylvis
711 2990 748 3060 ac
773 2989 947 3082 paludibus
971 2991 1065 3060 invia.
1104 2985 1204 3058 Palu·

211 3089 294 3164 dum
319 3084 453 3167 Suessa,
471 3085 598 3167 Messa,
611 3087 648 3161 &
661 3088 861 3185 Melliagum
883 3087 1047 3158 maximat.
1087 3083 1207 3177 Sylva·

211 3190 289 3256 rum
304 3181 497 3278 Hercynia,
518 3183 554 3256 δι
577 3183 700 3274 aliquot
726 3181 796 3254 sunt
820 3208 895 3278 quae
921 3179 1209 3267 nomenhabent,

211 3277 270 3351 sed
295 3280 347 3351 illa
375 3282 504 3354 dietum
531 3276 698 3374 sexaginta
723 3279 786 3350 iter
809 3303 1002 3372 occupans,
1037 3297 1075 3350 ut
1102 3278 1209 3372 major

211 3377 308 3458 aliis,
342 3376 385 3446 ita
415 3376 452 3450 &
477 3376 597 3448 notior.
638 3376 812 3448 Montium
843 3376 981 3448 altillimi
1011 3374 1149 3447 Taurus
1171 3375 1208 3450 &

210 3470 382 3549 Rhetic02
417 3470 476 3542 nist
509 3494 651 3568 quorum
683 3477 818 3546 nomina
845 3473 903 3546 vix
935 3469 982 3541 est
1008 3474 1124 3566 eloqui
1150 3494 1208 3542 ore

210 3565 380 3641 Romano.
425 3571 588 3642 Amnium
612 3571 645 3639 in
668 3569 744 3642 alias
769 3588 885 3665 gentes
907 3569 1102 3647 exeuntium
1127 3569 1207 3639 Da·

210 3663 355 3750 nubius,
376 3664 412 3739 &
437 3665 643 3740 Rhodanus:
670 3667 703 3735 in
727 3665 888 3738 Rhenum
911 3665 1054 3738 Moenus
1075 3663 1114 3738 δι
1135 3666 1210 3738 Lu·

211 3759 287 3851 pia:
317 3762 348 3831 in
362 3763 543 3836 Oceanum
568 3760 732 3844 Amisrus,
758 3761 932 3858 Visurgis,
959 3761 1117 3836 &Albis
1143 3763 1210 3833 cla-

186 3855 333 3947 ¹rillimi
377 3860 485 3950 Super
516 3858 617 3930 Albin
644 3856 801 3932 Codanus
826 3862 942 3955 ingens
964 3856 1050 3931 sinus
1075 3861 1209 3953 magnis

203 3953 384 4055 parvisque
398 3955 512 4032 insulis
522 3957 661 4029 resectus
670 3953 732 4049 elic
744 3955 804 4025 hac
817 3980 958 4029 temate
970 3959 1063 4052 quod
1073 3956 1210 4051 gremio

197 4048 1239 4200 hmmummmfflmmmmmmwmmffk
