2859 4709
230 402 352 517 'fflb
461 374 1113 474 Anuomasrouus.

298 523 398 596 Cedet
415 519 456 596 (θ’
475 522 541 618 ipse
565 523 649 593 mari
667 523 750 594 vesi.
796 523 941 595 Labiant.
973 521 1129 594 Firmium.
1160 518 1258 611 lib.7.‘

250 640 346 710 czq.
371 619 449 689 dicit
472 622 674 694 haecomnia
697 643 739 688 ers
764 619 887 696 Sibulla
902 622 1042 695 Cumaea
1066 616 1253 710 desumpta·

252 713 390 787 Deinde
422 710 464 786 eri
489 716 654 786 Erurhrea
677 719 754 784 citat
781 716 845 788 illa.
1288 710 1290 715 ’

397 839 537 933 Cumque
561 840 647 932 lupis
673 839 776 932 agni,
800 854 870 910 caet.
920 833 1092 910 Postilla:

559 935 643 1006 Tum
670 939 761 1005 Deus
785 935 940 1006 humanis.

254 1050 332 1121 Nos
358 1048 456 1122 etiam
484 1073 527 1120 ex
554 1050 609 1119 lib.
627 1069 659 1141 3.
683 1049 754 1120 haec
778 1051 940 1123 addimus.

302 1169 393 1240 illam
422 1186 507 1235 terra
535 1165 733 1260 omniparens
749 1162 870 1260 fruges
891 1160 1079 1236 mortalibus
1110 1158 1216 1231 almas

302 1265 388 1333 Etlet
413 1260 612 1357 inettlratq‘las
636 1262 720 1335 otei.
741 1264 891 1354 vinique,
916 1261 1059 1355 cibique,

303 1357 486 1450 Dulciaque
510 1383 550 1427 ex
578 1359 644 1430 alto
670 1359 744 1427 culo
767 1360 911 1429 rorantia
933 1359 1040 1428 mella.

305 1454 473 1524 Arboreos
493 1453 649 1543 semibus,
671 1452 794 1525 nitidas
816 1454 1036 1549 pecudesque,
1064 1446 1242 1543 bovesque,

303 1552 448 1642 Agnos,
471 1570 565 1644 atque
583 1574 687 1647 agnas
708 1552 868 1648 pingues,
892 1544 1053 1644 bardosque
1074 1548 1292 1645 caprartun2'

304 1647 350 1716 Et
371 1644 466 1723 niveo
481 1643 592 1733 sontes
617 1669 780 1744 erumpent
803 1649 884 1720 laile
903 1646 1044 1733 suaves,

309 1741 442 1836 Oppida
464 1744 560 1838 plena
585 1744 675 1816 bonis
705 1747 746 1822 (ν
770 1746 907 1840 pinguia
931 1745 1015 1814 culta
1039 1738 1222 1834 vigebunt,

305 1840 379 1911 Nec
402 1838 531 1935 gladios
552 1862 690 1921 metuet,
715 1866 774 1913 nec
800 1841 876 1911 belli
900 1862 988 1910 terra
1010 1838 1180 1909 tumultus.

308 1939 383 2008 Nec
407 1932 594 2025 tremesaiia
618 1959 725 2031 gemet
748 1938 876 2007 nutanti
899 1935 1037 2031 pondere
1064 1931 1194 2004 Tellus.

308 2032 383 2104 Nec
407 2032 540 2112 bellum,
568 2056 625 2102 nec
650 2035 709 2103 erit
725 2033 890 2120 seruorum
905 2033 1051 2126 squallor
1075 2049 1244 2123 agrorum.

308 2133 383 2200 Aut
396 2125 521 2215 samis,
537 2149 594 2198 aut
606 2123 729 2224 fruges
748 2125 904 2223 vastantis
920 2125 1093 2222 grandinis
1115 2123 1244 2193 horror·

270 2228 273 2233 ’
308 2223 347 2298 V
346 2248 432 2293 erum
455 2244 523 2317 pax
547 2223 642 2329 terris
659 2226 795 2321 florebit
822 2228 856 2296 in
880 2225 1020 2296 omnibus
1044 2220 1124 2294 alta·
1170 2280 1173 2287 .

308 2359 406 2431 Talia
422 2358 523 2446 saecla
538 2359 621 2446 suis.
661 2359 814 2431 Imitatio
843 2359 1039 2432 Catulliana.

280 2527 285 2543 ,
310 2455 408 2528 Talia
432 2455 543 2526 divino
559 2455 721 2546 sciderunt
747 2456 885 2529 carmine
903 2454 1017 2546 sataz'
1047 2451 1138 2521 Item

189 2546 195 2555 ’
313 2553 440 2624 Currite
462 2550 612 2628 ducentes
626 2552 860 2647 subtegmina,
886 2553 1005 2623 currite
1022 2543 1097 2641 sus.

263 2671 376 2742 Parcae
399 2676 488 2744 unde
512 2672 660 2744 dicantur
681 2671 900 2762 explicuimus
925 2674 959 2745 in
978 2673 1137 2742 Minerva
1164 2687 1270 2759 quum

264 2786 431 2857 receptam
448 2769 758 2842 Grammaticorum
781 2769 1002 2862 Antipluassm
1020 2765 1249 2860 explodimus.

312 2894 400 2964 Cara
425 2895 530 2964 Deum
544 2891 680 2978 soboles.
720 2891 886 2985 Virgilius
912 2897 945 2966 in
974 2893 1070 2964 Ceiri.

200 3016 201 3023 ¹
311 2989 400 3061 Cara
425 2992 518 3065 Jovis
533 2988 661 3076 soboles
681 3013 831 3083 maguum
845 2993 937 3066 Iovis
960 2991 1198 3062 incrementum.

315 3115 349 3188 Ο
370 3113 527 3184 militam
548 3113 666 3206 longae.
711 3110 873 3184 Eusebius
890 3117 964 3184 citat
982 3109 1140 3182 sibullam
1153 3105 1272 3182 Etutlt

265 3207 329 3281 stc:
346 3209 438 3301 Quid
455 3206 584 3289 miluc
601 3196 748 3287 domiai,
767 3207 974 3281 divinationis
989 3205 1197 3296 necttffitatem
1216 3207 1276 3276 im·

262 3309 377 3402 ponis,
393 3303 432 3379 &¹
446 3330 508 3375 non
524 3307 629 3403 magis
651 3299 672 3374 ei
689 3328 779 3377 terra
801 3308 835 3377 in
850 3307 984 3392 sublime
996 3302 1158 3391 sublatam
1177 3300 1273 3396 usque

231 3450 235 3457 -
265 3406 309 3475 ad
330 3403 414 3473 beati
437 3405 596 3474 adventus
628 3404 677 3474 tui
704 3404 787 3475 diem
816 3400 982 3498 cusiodisl

313 3502 424 3594 Incipe
438 3519 540 3596 parve
560 3519 653 3595 puer.
707 3496 889 3571 Politianus
924 3497 1135 3593 Miscell.89.
1165 3493 1275 3588 dispu-

266 3610 309 3667 tat
335 3594 446 3668 cuntra
477 3597 631 3667 Servium
656 3617 699 3666 ex
728 3595 783 3666 lib.
800 3617 835 3691 9.
882 3593 1082 3686 Quintiliani
1097 3621 1120 3663 t·
1136 3593 1277 3684 Quinti·

184 3765 187 3770 ,
265 3693 368 3765 lianus
392 3693 481 3763 enim
505 3716 571 3763 non
593 3692 673 3772 Cui,
697 3691 806 3786 tegite
829 3690 883 3764 se'd
902 3693 981 3787 qui,
1008 3689 1187 3781 pluraliter,
1210 3689 1276 3759 h'oc

265 3787 380 3860 sensu:
406 3813 449 3863 ex
473 3787 613 3880 illisqui
639 3811 707 3858 non
731 3786 830 3859 risere
855 3787 946 3858 hunc
968 3812 1078 3880 neque
1102 3789 1187 3866 dea,
1205 3804 1279 3855 caet.

265 3885 332 3957 Sed
350 3885 430 3960 mihi
453 3908 516 3960 nec
539 3885 750 3984 Politiauuss
773 3907 835 3959 nec
864 3884 1091 3986 Quintilianus
1114 3881 1278 4054 satischit.
