2859 4709
617 421 709 514 (τ
1136 463 1139 470 -

203 421 778 675 &ibiiliffllidiiiw
1006 545 1205 658 :arm

242 743 614 834 Auernus
670 737 1170 876 ronr‘rrANus

293 940 744 1031 Lnunaurro
799 947 1123 1048 Manrcr,

502 1137 606 1222 Petri
644 1133 834 1252 Francisci
873 1139 920 1222 F.

644 1315 689 1402 S.
719 1321 775 1405 D.

306 1514 394 1610 Ogis
420 1526 457 1588 lu
484 1514 621 1610 quidem
642 1539 722 1598 me,
747 1514 929 1596 Laurenti,
956 1538 1092 1590 carmen
1114 1516 1207 1589 edere

318 1613 553 1696 inconditum,
586 1615 858 1695 inemendatum,
893 1609 930 1684 ὃ(
967 1616 1062 1706 quod
1090 1615 1124 1683 in
1150 1637 1207 1705 pu-

205 1707 295 1781 blico
329 1707 429 1780 semel
455 1714 726 1800 pronuntiatum,
756 1712 855 1782 nimis
884 1704 978 1782 fuiffe
1006 1710 1206 1802 impudens,

204 1806 314 1877 vil'um
333 1802 383 1875 srt.
422 1806 505 1877 Satis
524 1806 677 1898 profedlo
697 1806 823 1887 fuerat,
841 1803 954 1878 vixllie
974 1829 1082 1880 unum
1106 1809 1207 1888 diem,

207 1903 300 1994 quod
318 1917 386 1971 tam
405 1899 494 1973 foret
519 1903 756 1993 imperfedlum
776 1904 914 1983 animal,
935 1924 972 1971 ac
995 1903 1090 1993 polle
1115 1906 1207 1975 etiarn

205 1998 292 2067 inter
316 1997 438 2068 insedia
469 1997 523 2070 illa
554 2023 629 2092 quae
651 2018 813 2069 vocentur
843 1998 1057 2088 Ephemera,
1083 2024 1207 2072 connu-

206 2092 337 2166 merari.
393 2096 553 2188 Namque
578 2118 647 2190 ego
680 2097 714 2164 id
746 2095 788 2167 ad
823 2092 1016 2184 praesentem
1056 2098 1205 2168 duntaxat

206 2187 456 2272 celebritatem,
482 2188 570 2284 quali
601 2193 776 2262 Adonidos
805 2188 960 2269 bortum,
983 2192 1204 2264 concinnave-

207 2310 289 2357 ram.
342 2288 530 2379 Prorogare
557 2304 595 2357 tu
616 2285 734 2357 nollrae
761 2290 920 2368 Mantus,
944 2282 1016 2373 (ita
1046 2291 1136 2359 enim
1157 2288 1204 2357 in·

208 2379 407 2475 scribimus)
435 2406 503 2454 non
533 2400 601 2452 ram
628 2383 731 2455 viram
761 2384 882 2472 cupis,
917 2405 1016 2472 quarn
1050 2386 1206 2457 dedecus:

206 2476 334 2549 ferreus
361 2475 489 2558 srm,s1
511 2477 573 2548 tibi
598 2481 679 2572 quid
703 2483 891 2572 denegem,
917 2496 984 2546 tarn
1007 2478 1114 2550 nobili
1134 2484 1208 2552 ado·

206 2571 358 2656 lescenti,
382 2593 450 2646 tam
479 2573 610 2665 prdbo‚
636 2592 704 2645 tam
731 2577 798 2644 mei
827 2573 975 2650 amanti,
1000 2590 1094 2647 tanto
1123 2579 1208 2649 deni·

207 2694 275 2763 que
299 2694 373 2740 eam
400 2694 472 2741 rem
502 2668 610 2740 studio
637 2670 840 2765 efflagitanti.
889 2671 1005 2760 Quare
1036 2671 1122 2743 habe
1151 2672 1207 2743 tibi

207 2766 370 2855 quidquid
396 2765 461 2837 hoc
489 2766 623 2848 libelli,
659 2790 697 2839 ac
727 2785 763 2838 ru
796 2790 930 2859 quoque
956 2762 1117 2840 defiderio
1151 2792 1209 2840 uo·

207 2860 273 2933 liro
300 2861 475 2950 aliquando
503 2858 660 2940 subveni,
693 2858 731 2935 &
759 2883 833 2954 quae
862 2862 922 2932 tibi
951 2860 1055 2935 musa
1078 2881 1208 2938 amato·

207 2958 256 3026 ria
282 2959 424 3027 carmina
444 2959 619 3031 vernacule
636 2959 842 3054 suggerunt,
864 2982 906 3028 ne
926 2975 1060 3044 patere,
1077 2957 1208 3054 quaeso,

208 3046 228 3120 {a
263 3048 357 3123 nobis
391 3054 559 3142 experiari
591 3054 725 3128 diutius.
774 3052 870 3126 Vale.
911 3051 1115 3137 Florentia,
1138 3054 1205 3130 lv.

208 3145 329 3226 Nonas
354 3148 587 3233 Novembris,
609 3151 663 3225 nd
678 3147 827 3227 CCCC.
842 3149 1059 3224 LXXXII.
