2859 4709
252 459 324 543 '492
605 447 909 554 Senonru
1032 432 1035 437 ’

298 577 352 651 Sit
377 574 437 647 ridi
462 576 606 674 conjugii
629 601 694 647 uox
720 577 826 672 prima
851 569 1011 668 navililma
1033 573 1137 646 vitae:

350 673 485 769 Eupolis
510 677 705 770 loc-periit,
734 672 775 749 (5
801 699 886 745 nova
910 689 1008 766 nupta
1032 673 1138 742 modo.

253 767 481 859 Aristophanis
505 772 618 842 multu
645 769 923 862 circumferuntur
948 767 1148 846 comoediae,
1174 787 1250 860 qua·

252 889 328 936 rum
357 890 420 938 una
450 867 635 940 inscribitur
662 869 831 940 Nebulae:
858 871 899 939 de
926 878 989 958 qua
1014 864 1067 934 ltic
1104 862 1248 934 Politian.

253 961 409 1035 Cratinus
444 964 651 1036 Athenienlas
682 967 766 1038 adeo
800 963 864 1035 fuit
903 961 970 1034 vini
1003 974 1187 1053 appetens,
1216 975 1251 1031 ut

251 1062 392 1149 prodant
418 1062 592 1137 nonnulli,
609 1063 702 1132 illurn
728 1061 863 1144 obiisse,
883 1080 988 1153 quum
1014 1082 1033 1128 e
1058 1058 1160 1150 pleno
1183 1055 1252 1126 vase

251 1157 368 1228 vinum
392 1154 517 1231 effundi
542 1159 679 1230 videret.
710 1158 1030 1245 vixitann.xcvt1.
1057 1174 1095 1226 ut
1124 1156 1168 1227 ait
1184 1155 1252 1231 Lu·

251 1252 375 1326 cianus.
419 1253 558 1327 Horum
585 1256 759 1347 puetarum
785 1254 939 1326 meminit
966 1253 1089 1325 Horat.

296 1349 452 1446 liupolt,
472 1374 568 1446 atque
587 1352 757 1430 Cratinus,
780 1349 1067 1449 Arislopllattrsque
1086 1348 1199 1442 poe'tae

298 1448 410 1542 Atque
435 1448 515 1530 atii,
545 1474 678 1543 quarum
705 1449 852 1522 comedia
872 1448 977 1544 prisca
1001 1448 1150 1518 virorum
1175 1443 1229 1540 est.

298 1543 341 1626 tls·
355 1546 435 1636 684.
461 1549 562 1618 Adde
577 1570 676 1617 navos
691 1548 823 1638 etiarn.)
850 1547 962 1616 Norat
976 1545 1160 1616 comoediae
1171 1544 1255 1637 prin·

251 1660 329 1726 ceps
352 1639 413 1713 fuit
430 1642 615 1715 Menander
633 1641 850 1716 Athenienl'tr.
892 1642 997 1715 Hunc
1016 1643 1127 1712 laudat
1146 1642 1254 1732 Quin·

250 1735 298 1804 til.
339 1738 472 1830 Scripsit
496 1758 555 1811 cu.
581 1737 727 1821 fabulas,
751 1761 793 1811 eu
815 1739 936 1834 quibua
958 1756 1088 1809 tantum
1113 1741 1193 1810 οᾶο
1211 1739 1255 1811 vi·

251 1832 308 1904 cit.
347 1832 418 1906 Hic
442 1858 546 1930 quum
571 1833 688 1908 favore
718 1838 833 1928 populi
861 1862 881 1911 a
912 1834 1111 1906 Philemone
1142 1837 1253 1906 vince-

250 1948 362 2001 retur:
389 1933 477 2004 forte
501 1935 547 2004 illi
572 1934 677 2006 faetus
701 1935 837 2006 obuiam
862 1934 965 2006 dixit:
993 1932 1117 2022 Quaeso
1147 1933 1253 2008 Phile·

250 2049 343 2109 man,
368 2029 451 2100 bana
472 2034 588 2114 venia,
611 2030 661 2105 dir
679 2031 776 2113 milti:
796 2033 877 2104 Non
898 2029 1076 2115 erubescis,
1097 2053 1193 2125 quum
1208 2054 1274 2101 me·

250 2124 381 2212 vitaris?¹
419 2127 476 2197 De
501 2127 594 2220 cujus
612 2144 720 2223 morte
738 2129 809 2198 Pet.
838 2127 987 2201 Crinitus
1012 2127 1110 2222 libau
1134 2146 1251 2224 cap-7.

159 2252 165 2263 ⁸
250 2221 288 2294 ἃ
313 2222 466 2316 Agelliut
495 2225 624 2318 lib.'17.
648 2244 764 2321 cap.4.
794 2229 806 2241 “
863 2286 867 2291 .
1162 2236 1165 2241 ’

300 2320 381 2410 690.
409 2321 581 2394 Claudicat
605 2323 657 2394 hir
679 2320 848 2412 Latium.)
873 2321 1037 2394 Didlurus
1062 2323 1105 2393 de
1127 2318 1249 2393 Comi·

251 2413 299 2483 cis
327 2417 451 2487 Latinis
483 2417 582 2489 refert
608 2419 679 2491 haec
706 2418 808 2490 verba
837 2418 1033 2508 Quintiliani
1063 2418 1116 2489 lib.
1147 2417 1251 2489 citata

250 2513 293 2582 In
311 2513 466 2586 *comedia
489 2512 628 2587 maximi
654 2517 885 2588 claudicamus:
909 2516 983 2587 liert
1006 2513 1049 2589 (5
1073 2514 1188 2592 Varro
1207 2515 1252 2587 dt‘·

251 2631 327 2681 car:
361 2611 497 2698 Musas,
528 2616 613 2684 AElii
639 2614 781 2686 Stolonis
798 2611 987 2699 sententia,
1011 2613 1171 2685 Plautino
1184 2612 1252 2700 scr·

251 2731 342 2778 mone
363 2710 568 2803 loquuturos,
583 2707 615 2803 fi
638 2710 756 2781 Latine
779 2709 866 2802 loqui
889 2709 1032 2782 vellent.-
1057 2711 1135 2780 licct
1160 2708 1253 2784 Caeci·

252 2803 329 2872 liam
350 2827 470 2877 veteres
494 2808 642 2878 laudibus
660 2803 791 2898 ferant:
814 2807 888 2879 licet
901 2805 1049 2880 Terentii
1060 2806 1189 2900 scripta
1214 2802 1252 2879 ad

251 2901 432 2996 Scipionem
459 2903 654 2993 Africanam
677 2899 881 2993 referuntur:
906 2928 978 2998 quae
1001 2904 1197 2987 tamensium
1218 2905 1251 2972 itt

250 2997 308 3068 ltaa
328 3021 444 3089 genere
467 2999 711 3098 rlrguutiffima:
728 2997 768 3074 &³
777 3001 855 3094 plus
877 3001 981 3070 adhuc
1004 3001 1152 3071 habitura
1171 3024 1248 3094 gra·
1284 3050 1291 3073 .

251 3091 356 3185 tiaefi
388 3096 475 3166 intra
507 3098 618 3184 versus
649 3098 811 3169 trimetros
840 3094 1003 3189 [leriffrnt.
1051 3096 1123 3191 Vix
1151 3098 1247 3168 leuem

251 3188 465 3286 consequimur
497 3196 665 3264 umbram:
700 3196 778 3265 adeo
804 3216 838 3263 ut
864 3195 940 3264 milri
956 3193 1064 3280 sermo
1087 3192 1156 3289 ipse
1184 3195 1246 3264 Ro·

249 3313 363 3359 manus
382 3313 444 3360 nort
469 3292 608 3386 recipere
623 3291 774 3363 videatur
794 3290 883 3361 illam
895 3290 975 3385 salis
1000 3294 1172 3385 cauacffam
1190 3293 1243 3360 At·

249 3387 324 3456 ticio
344 3409 512 3458 uenerem:
535 3392 662 3482 quando
684 3412 772 3465 eam,
794 3412 833 3457 nr
854 3388 961 3459 Graeri
982 3389 1112 3482 quidem
1134 3391 1169 3459 in
1191 3387 1245 3456 alia

245 3505 364 3577 guttere
383 3484 504 3579 linguae
524 3485 735 3557 obtinuerunt.
769 3484 905 3578 Togatis
923 3486 1053 3555 excellit
1068 3485 1244 3579 Afranius,

248 3597 319 3650 caet.
360 3579 504 3653 Vulcatii
530 3582 672 3677 Sedigiti
697 3581 809 3654 lambi
831 3581 1107 3654 circumferantur
1135 3587 1177 3654 de
1199 3580 1246 3672 ju·

249 3673 338 3746 dicio
368 3679 610 3759 comicorum,
637 3680 740 3770 inepti
773 3679 874 3756 sane,
906 3700 944 3752 ut
970 3680 1070 3772 aliqui
1098 3678 1245 3770 judicant.

248 3774 354 3863 Apud
370 3773 573 3848 Athcnaeum
588 3777 756 3847 innumeri
771 3773 895 3845 comici
919 3797 1146 3847 numerantur.
1174 3775 1247 3870 Opi·

248 3892 302 3940 cor
332 3889 428 3944 vocat
459 3872 638 3947 Politianus
671 3872 725 3943 lid.
745 3895 777 3950 a..
816 3867 913 3966 Epist.
944 3898 1004 3945 eos
1034 3874 1092 3967 qui
1128 3876 1246 3950 Gracc

236 3967 416 4066 nel'ciant,
455 3970 612 4053 etiamst
639 3970 762 4048 Laiue
793 3992 868 4041 nnn
901 3966 966 4041 (tut
999 3971 1137 4047 indubii·
1186 3971 1248 4056 Ju·

232 4071 350 4157 venal.
1237 4150 1283 4212 a
