2859 4709
211 460 223 511 f
326 454 707 543 uar'rrnOnnrsI
748 422 1030 542 'turritas
1104 464 1195 567 377,

208 612 297 670 otam
324 599 445 674 Celtici
469 601 602 680 colunt,
625 594 711 669 sed
703 623 721 668 a
746 596 857 670 Durio
883 597 924 668 ad
951 592 1078 666 flexum
1094 592 1189 674 Groa

208 697 260 766 tii:
289 694 495 790 fluuntque'
485 722 543 790 per
571 719 629 766 eos
663 696 773 778 Avo,
811 692 1008 771 Celandus‚
1047 695 1156 765 Nebis
1173 727 1189 773 ι

209 791 462 873 tinius,&cu1
455 792 658 867 oblivionis
679 814 871 884 cog-nomen
890 788 936 859 eli
955 786 1073 862 Limia
1112 793 1138 860 F
1141 790 1189 861 lcae

209 912 251 961 us
273 887 340 982 ipse
372 880 600 979 Lambriacam
624 885 743 959 urbem
771 887 942 977 amplexus
974 887 1092 978 recipit
1117 882 1187 960 flu-

211 968 288 1066 ios,
314 985 446 1057 Iernam
479 987 515 1063 dc
551 986 667 1061 Viam.
705 985 868 1061 Partem,
893 987 967 1072 qud¹
995 984 1188 1071 prominere

210 1081 396 1154 caebmarci
424 1082 589 1154 habitant.
616 1105 742 1181 perque
767 1099 826 1150 eos
849 1078 1062 1155 Tamaris&
1093 1080 1188 1158 Sars,

212 1181 322 1250 umine
352 1197 419 1252 non
442 1180 542 1276 longe
572 1194 642 1251 otta
670 1174 859 1250 decurruntt
898 1176 1051 1248 Tamaris
1070 1172 1186 1247 secun

211 1299 269 1347 um
294 1277 533 1348 Arotebrarum'
559 1294 713 1367 portum:
747 1271 854 1344 Sars
842 1291 933 1366 Juxta
959 1288 1084 1345 turrem
1113 1276 1187 1345 Au*

212 1370 271 1441 usli
298 1374 395 1443 titulo
426 1371 700 1442 memorabilem:
730 1387 844 1441 caetera
868 1369 981 1462 super
993 1371 1187 1450 Tamarici,

212 1469 349 1558 leriique
375 1468 576 1539 incolunt
568 1492 600 1538 m
637 1491 681 1534 eo
707 1466 813 1537 traslu
840 1465 961 1536 ultimi.¹
1007 1466 1187 1538 Hastenus'

212 1566 277 1634 nim
301 1568 342 1635 ad
370 1564 575 1635 occidentem
597 1560 685 1638 versa
711 1561 819 1632 littora
847 1563 1029 1652 pertinent:
1062 1566 1186 1633 deinde

212 1662 226 1731 i
251 1660 484 1751 septentriones
506 1678 579 1732 toto
602 1662 700 1733 latere
723 1676 809 1730 terra
831 1659 1033 1729 convertitur
1055 1655 1073 1728 it
1079 1653 1183 1732 Cel·-

212 1780 251 1826 ro
276 1758 506 1869 promontorio
534 1759 574 1827 ad
608 1754 802 1851 Scythicum
831 1753 967 1847 usque.
984 1753 1078 1824 Hinc
1102 1778 1184 1847 per-⁶

212 1870 280 1926 etua
306 1853 378 1948 ejus
401 1871 481 1931 ora,
505 1852 563 1924 nist
587 1855 646 1926 ubi
670 1853 796 1922 modici
821 1850 987 1930 recessus,
1015 1876 1052 1921 ac
1082 1872 1182 1941 parva

212 1952 409 2022 tomomotia
435 1949 525 2027 sunt,
551 1953 591 2021 ad
615 1948 797 2024 Cantabros
823 1945 907 2040 pene
935 1948 1021 2018 ressa
1044 1947 1111 2018 est.-
1136 1949 1182 2019 In-

212 2046 386 2142 tprimitm
404 2045 535 2118 Artabri
553 2045 648 2123 sunt,
669 2048 768 2119 etiam
789 2070 878 2116 nunc
891 2041 1028 2117 Celticae
1050 2045 1179 2138 gentisr

212 2144 300 2216 inde
324 2137 466 2215 Astures.
509 2145 550 2215 In
576 2143 725 2216 Artabris
746 2142 768 2212 s
758 2166 831 2214 nus
857 2165 915 2212 ore
948 2141 1086 2235 angusto
1112 2143 1180 2213 ad·

212 2239 308 2311 issum
336 2260 428 2311 mare
454 2265 521 2311 non
550 2238 688 2334 angusto
719 2239 846 2311 ambitu
871 2236 1038 2348 excipiens
1064 2241 1179 2310 Adro-

214 2361 291 2411 cum
325 2338 469 2418 urbem,
498 2338 534 2409 ὅῑ
562 2353 704 2430 quatuor
730 2338 876 2407 amnium
907 2333 1020 2406 oilia
1011 2335 1177 2430 intingit}

212 2457 245 2506 to
277 2435 376 2507 etiam
399 2438 482 2505 inter
507 2435 689 2503 accolentes
714 2433 872 2525 ignobilia
904 2431 998 2503 sunt:
1030 2457 1088 2522 per
1115 2433 1178 2504 alia

211 2556 244 2601 to
255 2533 392 2603 Mearus
404 2534 491 2605 exit,
504 2530 539 2602 δὲ
554 2530 676 2601 Nerius
689 2529 930 2600 adLibuncam
962 2531 1003 2598 In
1017 2529 1177 2602 Aliorum

214 2645 285 2698 tore
301 2628 432 2721 Noega
439 2626 492 2698 est
498 2628 682 2718 oppidum,
701 2627 737 2700 ὅ(
752 2645 817 2696 tres
831 2630 907 2697 Arae
922 2648 1001 2714 quas
1019 2625 1178 2697 Sestianas

211 2741 314 2804 icant,
329 2724 361 2794 in
376 2723 539 2814 peninsula
553 2720 722 2803 sedent‚&
737 2721 808 2791 sunt
830 2721 962 2816 ‚lugolli
978 2724 1114 2794 nomine
1128 2723 1176 2795 sa·

214 2819 611 2913 ae‚illusirantqt1eterras
627 2838 700 2893 ame
719 2819 893 2932 ignobiles
935 2819 979 2887 At
995 2816 1091 2890 abeo
1107 2821 1178 2893 flu·-

211 2919 287 2995 ioes
312 2920 403 3011 quod
427 2916 547 2986 Saliam
571 2936 709 2993 vocant,
738 2917 897 3004 incipiunt
925 2938 993 2984 orae
1015 2917 1175 3006 paulatim

210 3019 347 3094 cedere,
358 3014 394 3088 ὅ(
408 3015 478 3083 latae
495 3015 600 3086 adhuc
613 3011 780 3102 Hispaniae
798 3015 907 3105 magis
919 3011 1087 3107 magisque
1101 3013 1175 3107 spa··

209 3134 222 3180 a
236 3110 447 3188 contrahere,
466 3111 567 3204 usque
590 3107 673 3181 adeb
690 3108 790 3180 semet
803 3111 896 3178 terris
909 3109 1175 3205 angustentibusa

231 3229 344 3276 earum
367 3205 509 3297 spacium
536 3209 708 3278 interduo
726 3209 825 3277 maria
848 3210 984 3277 dimidio
1009 3207 1116 3277 minus
1133 3208 1174 3278 fit

209 3326 235 3372 ta
251 3301 395 3378 Galliam
415 3320 575 3403 tangunt,
595 3322 693 3394 quam
715 3303 775 3375 ubi
793 3305 835 3374 ad
855 3307 1062 3375 occidentem
1079 3306 1173 3378 littus

208 3402 400 3494 {porrigunt
441 3401 605 3472 Tradlum
637 3401 794 3472 Camabti
821 3404 857 3472 (lt
881 3400 1022 3473 Varduli
1044 3416 1174 3473 tenenti
1218 3461 1221 3468 .

208 3493 419 3568 antabrorum
444 3498 569 3590 aliquot
601 3499 743 3588 populi,
774 3498 951 3585 amnesque
981 3495 1077 3576 scuit,
1108 3488 1173 3570 sed

208 3613 315 3664 torum
342 3594 476 3664 nomina
507 3591 617 3663 noslro
645 3619 703 3662 ore
734 3592 862 3683 concipi
888 3609 1075 3684 nequeantt
1106 3608 1172 3683 per

208 3684 305 3759 isdem
322 3689 358 3763 &
373 3689 505 3760 Salenos
515 3733 526 3770 ‚
538 3689 709 3761 Sautium:
731 3712 789 3779 pec
802 3689 1025 3781 Autrigones,
1038 3692 1074 3764 d<
1084 3691 1171 3762 Oria

208 3787 334 3877 gviones
354 3783 510 3893 quosdam
537 3781 650 3856 Nesua
678 3784 863 3857 descendit:
892 3788 990 3858 Deva
1013 3788 1169 3859 Tritium

208 3882 377 3953 obolitum
393 3900 542 3976 attingit
558 3882 654 3957 deind
636 3881 1066 3960 delmriffamacuasonem
1084 3883 1170 3955 Ma

208 3982 277 4052 ada.
313 3980 452 4054 Varduli
473 4004 536 4049 una
553 3995 656 4074 gens,
676 3981 752 4050 hinc
769 3985 810 4051 ad
830 3978 1006 4081 Pyrenaei'
996 3981 1073 4074 rugi
1084 4005 1168 4070 pro«

204 4077 372 4151 cantorium
386 4075 579 4168 pertinens,
594 4078 719 4152 claudit
737 4074 937 4179 Htspauias

197 4175 278 4246 νίν
292 4175 426 4252 Sanssii
437 4177 541 4275 Oper.
569 4178 686 4256 Tum.
694 4179 757 4258 ll
910 4178 952 4250 Q
967 4199 992 4248 0
