2859 4709
251 386 325 482 ΠΒ
458 366 1049 455 honoraciores

252 511 337 592 suo,
362 508 462 593 cluo,
487 509 666 602 guberno,
692 502 814 585 turbo,
838 502 961 588 turba,
983 506 1094 588 curia,
1118 506 1260 583 columi

252 605 338 686 bns,
362 606 557 684 cuniculus,
587 601 725 682 buxus,
749 600 900 696 fruges,
915 601 1070 684 scutum,
1095 606 1260 697 angulus,

252 700 392 787 botrus,
407 726 518 795 genu,
533 698 710 791 cuprellus,
724 722 866 790 cuprum
878 700 1126 792 ,marsupium
1141 700 1260 789 bursa,

252 799 357 875 cutis,
378 801 493 875 turris,
511 802 707 878 cuminum,
730 819 896 875 murena,
916 816 1011 875 ruta,
1033 795 1106 877 sus,
1129 796 1258 885 cubus,
1286 810 1291 820 '

252 891 427 976 sambuca,
450 893 565 985 stupa,
593 893 698 984 fuga,
723 893 813 975 dun,
841 889 924 968 sub,
953 894 1074 984 super,
1099 891 1260 983 superbus

253 988 295 1064 (θ’
314 995 418 1064 omnia
440 993 566 1063 nomina
585 991 732 1059 Romana
754 1012 825 1082 quae
848 991 955 1063 Graeci
968 989 1117 1076 scribunt
1139 1010 1199 1085 per
1211 1018 1261 1091 y,

252 1091 462 1160 enuntiabant
484 1084 545 1180 ipfi
566 1086 670 1160 Graeci
685 1104 745 1180 per
766 1109 805 1155 rr:
835 1106 871 1155 nt
893 1085 1086 1181 Romylus,
1103 1085 1261 1181 Nymas,

251 1181 408 1278 Tyrus,
433 1184 560 1277 syrias,
586 1181 663 1254 srva
693 1161 946 1266 ver0‚l1bitus‚
970 1179 1261 1261 &temnant

243 1279 344 1371 sunt,
369 1281 410 1357 (7¹
430 1299 491 1374 per
508 1303 534 1376 y
550 1279 653 1368 scribi
679 1301 742 1350 non
767 1276 893 1351 debent.

303 1452 835 1573 ADNVOTATIONES
873 1472 955 1545 nn
992 1425 1223 1549 rocon

300 1648 438 1720 Titulos
464 1649 668 1745 Eclognrum
691 1663 819 1720 tantum
846 1644 957 1732 abest,
980 1665 1019 1720 ut
1043 1649 1259 1747 Virgilianos

252 1744 317 1817 elle
330 1764 444 1837 putem
454 1789 468 1825 ‚
481 1765 518 1819 nt
535 1750 635 1818 etiam
652 1743 695 1816 ab
713 1744 876 1835 imperitis
901 1747 1020 1840 (quod
1042 1748 1143 1818 etiam
1155 1750 1261 1825 Met·

251 1842 343 1917 ciali,
369 1841 541 1927 Horatio,
565 1842 704 1919 Valerio
732 1842 966 1933 Maxim&
992 1845 1174 1917 Paradoxis
1200 1847 1262 1922 Ci-

252 1940 382 2011 ceronis
411 1939 577 2037 contigit)
612 1936 772 2011 confictos
803 1935 867 2009 elle
890 1939 1048 2034 judicem.
1095 1941 1200 2016 Clare
1226 1944 1262 2017 id

252 2034 394 2110 'ollendit
421 2040 559 2132 Eclogae
584 2054 707 2128 quarte
733 2034 862 2126 ineptus
890 2037 1016 2109 titulus.

254 2152 258 2173 ³
301 2174 327 2212 t>
343 2134 486 2230 Eclogas
510 2134 552 2207 ab
578 2131 699 2216 innocen
712 2177 724 2215 ,
739 2131 773 2201 id
790 2129 856 2214 est,
880 2133 1024 2228 eligere,
1041 2147 1097 2203 aut
1115 2130 1261 2226 seligere

249 2225 356 2300 'dicias
370 2231 592 2321 interpretor,
605 2249 719 2302 contra
733 2230 919 2300 multorum
935 2228 1131 2302 sententiam.
1159 2231 1259 2304 Nam

252 2324 420 2418 Virgilius
439 2323 546 2397 noluit
569 2323 852 2418 hocopusculum
871 2324 969 2398 suum
993 2327 1122 2419 penitus
1139 2331 1259 2420 appel-

250 2422 333 2504 lari,
359 2417 413 2493 sed
436 2420 592 2497 selecium
610 2448 655 2498 ex
672 2422 849 2496 Theocriti
870 2424 1003 2497 conticis
1029 2423 1177 2519 ingenue
1202 2425 1259 2501 fe-

250 2533 365 2602 tetur,
388 2537 427 2591 ut
451 2520 485 2590 in
508 2519 578 2592 illo.

152 2640 155 2644 ’
299 2642 460 2725 Sicelides
485 2641 613 2731 Mnsae,
636 2643 748 2734 paullo
773 2640 899 2736 majora
924 2665 1088 2715 narramur.

254 2736 257 2741 ’
298 2737 415 2810 Prima
438 2737 597 2833 Siracofin
621 2737 756 2835 dignata
779 2733 819 2830 est
845 2738 953 2809 ludere
981 2740 1087 2828 versu.

248 2854 400 2954 'Assurgit
422 2863 512 2934 enim
532 2861 743 2942 Theocrito,
769 2859 869 2931 Unde
891 2859 1085 2943 Politicnus.

249 3018 255 3028 ·
295 2991 447 3085 Namque
470 2987 639 3084 Siracoflir
661 2988 807 3085 quamvis
831 2987 985 3083 adsurgat
1010 2988 1146 3067 avenis,

297 3084 473 3179 Hesscdnm
489 3091 626 3186 premit,
646 3085 688 3163 (θ’
712 3108 828 3181 magno
854 3083 1013 3157 contendit
1037 3086 1195 3156 Homero.

296 3220 471 3301 „Tituros
498 3220 648 3313 intelligo
675 3217 708 3286 in
731 3228 803 3285 toto
826 3215 971 3287 carmine
995 3213 1170 3308 pastoricio
1197 3216 1254 3290 fa·

247 3316 360 3390 mulos
386 3317 576 3404 pallorum,
596 3313 864 3395 *artrrrtrrrnnid
887 3311 954 3390 est,
974 3310 1136 3386 observo:
1160 3318 1254 3386 unde

247 3412 353 3485 illud:
380 3414 551 3501 Pascentes
567 3413 715 3500 servabit
743 3410 878 3483 Titurns
899 3408 1014 3481 lindos.

296 3512 426 3583 Patnlae
442 3511 533 3610 fagi.
576 3512 703 3583 Contra
732 3525 1012 3578 commentatores
1040 3527 1107 3576 non
1143 3504 1253 3579 solum

246 3603 475 3700 Eclogarum,
501 3607 555 3679 sed
581 3609 679 3680 etiem
703 3605 886 3696 plantarum
907 3604 1097 3686 contendo,
1123 3601 1180 3674 hic
1192 3602 1253 3692 fn-

242 3724 323 3868 firm
342 3704 425 3779 lumi
439 3730 500 3799 pro
517 3704 611 3785 ilice,
626 3722 680 3776 aut
698 3700 809 3773 verius
832 3700 942 3774 esculo
955 3746 967 3785 ,
984 3723 1053 3770 non
1067 3718 1131 3791 pro
1146 3700 1252 3802 haya,

289 3799 418 3888 ispani:
445 3804 501 3894 qui
525 3803 638 3872 dicunt
661 3825 728 3872 non
763 3799 988 3890 quadrarent
1013 3795 1162 3889 pastores
1191 3793 1255 3870 sub

245 3891 320 3963 ilice
347 3915 478 3988 captent
505 3899 663 3979 umbras,
689 3897 845 3969 falluntur
867 3895 990 3968 Horat.
1009 3915 1042 3970 2.
1069 3894 1182 3987 Epod.

187 4064 193 4069 .
242 3987 339 4068 Libet
354 3994 467 4089 jacere
491 4000 584 4073 modo
598 3995 662 4091 snb
685 3993 821 4088 antiqua
842 3994 927 4074 ilice.
951 3990 1076 4091 Virgil.
1143 4056 1188 4169 ,Ρ

1183 4102 1250 4162 olle
