2859 4709
263 530 343 604 324
470 509 543 579 Irt
591 505 1088 578 Aun1Pnns11·

262 636 296 706 in
324 659 361 705 ea
391 652 507 724 parte,
534 660 597 727 qua
624 633 742 704 excelsi
770 652 902 705 montes
925 636 1003 705 dant
1028 656 1194 730 magnum
1217 634 1267 707 la·=

260 751 338 813 tus,
372 730 407 802 ὃ(
433 732 524 801 littus
550 732 659 802 multis
692 728 833 802 vallibus
856 745 1055 802 recurvatur.
1108 731 1269 804 Libenter

261 827 316 897 hic
341 826 424 896 illud
450 826 533 897 milti
562 827 652 897 vertit
678 826 713 892 in
741 845 914 907 mentem,
946 828 1055 896 Lunai
1075 823 1268 922 porrumess

265 943 374 1015 operae
396 924 580 1017 cognojcerr
603 923 714 1002 cives,
740 940 777 992 ut
801 922 900 998 Ennii
929 945 987 990 cor
1012 921 1130 1014 jubet,
1156 921 1263 1013 postea

261 1043 359 1109 quam
386 1020 545 1089 excitatus
574 1016 657 1087 estse
686 1014 823 1099 somno,
852 1041 919 1109 quo
943 1015 1001 1088 fibi
1025 1016 1112 1089 visus
1132 1018 1181 1090 est
1205 1016 1263 1088 elle

260 1115 465 1192 Homerus,
495 1116 643 1204 Quintus
670 1137 712 1182 cx
747 1138 876 1204 pavone
911 1112 1141 1207 Pythagoreo.
1188 1114 1260 1206 Ego

260 1209 394 1280 securus
419 1211 514 1301 tulgi
547 1211 623 1290 hic,
651 1207 687 1280 ἃ
714 1211 793 1300 quid
824 1207 943 1279 noxius
974 1209 1080 1278 auster
1105 1226 1261 1301 praparet

259 1307 397 1395 pecori:
417 1303 453 1374 ὅ(
474 1306 625 1386 lecurus,
652 1308 741 1394 quod
768 1305 823 1375 ille
851 1303 992 1396 angulus
1018 1304 1118 1375 vicini
1142 1303 1180 1374 stt
1200 1304 1261 1375 fer·

259 1399 349 1469 tilior
375 1424 454 1467 meo
472 1400 634 1470 :tametsi
662 1419 778 1470 omnes
801 1398 906 1492 pejori
930 1423 1055 1492 genere
1083 1401 1153 1472 nati
1178 1401 1261 1473 mul·

259 1514 333 1566 tum
353 1492 525 1566 ditescant:
559 1517 669 1566 tamen
687 1497 792 1566 nolim
819 1498 1007 1567 incurvatus
1033 1496 1156 1567 confici
1182 1495 1260 1568 sem·

257 1610 319 1681 per
345 1590 469 1661 tristitia
497 1590 541 1660 ob
567 1593 624 1672 id,
652 1610 706 1662 aut
730 1614 865 1663 coenare
889 1588 956 1660 fine
978 1589 1104 1662 deliciis
1130 1589 1169 1666 &
1189 1611 1259 1663 tan-

258 1711 341 1779 gere
368 1684 444 1756 nalo
470 1684 598 1779 signum
629 1687 663 1756 in
691 1688 809 1776 vapida
833 1688 969 1778 lagaena.
1014 1686 1115 1759 Alius
1142 1687 1258 1760 diffen-

257 1785 315 1850 riat
337 1786 377 1854 ab
400 1783 439 1853 iis
466 1783 640 1856 moribus,
664 1781 700 1855 &
725 1782 837 1856 studiis
862 1780 985 1852 nostris.
1027 1781 1122 1853 Nam
1145 1780 1182 1857 δι
1200 1806 1258 1878 ge·

257 1876 342 1946 mini
367 1878 426 1953 sub
458 1882 578 1948 eodem
602 1874 808 1969 Horolcopo
836 1877 910 1950 nati*
927 1877 1070 1948 diffimili
1101 1876 1177 1951 sunt
1206 1880 1259 1948 in·

259 1977 380 2067 genio:
417 1973 463 2044 est
490 1975 632 2068 aliquis,
664 1975 720 2066 qui
751 1975 842 2044 vafer
868 1975 971 2068 tingat
1000 1971 1076 2044 sotis
1102 1971 1258 2047 nanhbus

258 2069 355 2141 holus
390 2069 513 2142 ficcum
540 2071 597 2142 vili
635 2070 822 2161 liquaminis
861 2093 984 2165 genere
1014 2087 1107 2142 emto
1144 2072 1178 2140 in
1205 2094 1257 2139 ca·

257 2165 342 2244 lice,
368 2189 441 2257 quae
467 2167 574 2237 muria
599 2164 740 2248 dicitur,
764 2164 830 2257 ipse
859 2187 1014 2260 tanquam
1040 2164 1191 2247 sacrum,
1221 2166 1258 2239 &

256 2285 326 2328 non
356 2262 585 2353 attingendum
612 2264 734 2350 piper,
756 2265 797 2331 ad
828 2260 1072 2332 limilitudinem
1097 2262 1184 2335 roris
1208 2259 1255 2329 in·

255 2353 412 2449 spergens
434 2357 550 2446 patinae
581 2356 736 2427 demittat.
785 2356 882 2427 Alius
905 2360 1012 2429 audax
1035 2382 1120 2447 puer
1150 2359 1258 2428 denti-

254 2449 320 2521 bus
346 2450 506 2547 conl'umit
530 2453 665 2545 grandia
693 2451 792 2523 bona.
837 2455 914 2546 Ego
941 2478 1022 2524 vero
1049 2452 1152 2526 rebus
1177 2455 1256 2524 meis

254 2565 350 2617 utar:
380 2567 451 2619 utar
479 2549 636 2640 inquam,
660 2572 722 2617 nec
753 2548 831 2617 ideo
858 2550 964 2621 lautus
991 2573 1048 2621 ero
1080 2551 1123 2620 ad
1153 2573 1258 2643 appo·

253 2646 383 2715 nendos
409 2643 532 2714 libertis
557 2642 641 2714 meis
668 2643 830 2716 rhombos
866 2645 968 2735 pisces
994 2641 1145 2735 apprime
1177 2670 1259 2736 pre-

254 2737 395 2815 ciosos,
422 2763 484 2808 nec
512 2736 621 2810 sollers
647 2741 688 2810 ad
716 2738 986 2835 cognoscendum
1020 2760 1157 2813 tenuem
1181 2762 1259 2812 tur·

253 2835 377 2905 dorum
391 2832 553 2925 ,saporem
566 2858 586 2904 z·
600 2832 678 2930 vive
704 2861 765 2928 pro
790 2836 963 2926 qualitate,
986 2835 1023 2909 ἃ
1044 2837 1262 2922 conditione,

254 2949 438 3020 proventus
458 2931 526 3003 tui:
548 2932 582 3005 ὅτ
608 2931 718 3002 emole
741 2931 948 3003 frumentum
971 2932 1005 3001 in
1028 2933 1186 3024 granariis
1206 2959 1262 3007 re·

253 3024 417 3117 posnam:
446 3025 495 3097 fas
518 3026 564 3096 ell
588 3028 622 3097 id
648 3028 775 3098 facere:
802 3028 882 3121 quid
909 3026 1048 3099 timeas?
1076 3028 1261 3101 Diminue-

252 3144 329 3201 rem
357 3119 393 3190 δι
414 3123 527 3215 egenis
547 3122 722 3194 distribue:
753 3148 794 3193 en
812 3125 911 3195 altera
933 3123 1024 3220 seges
1048 3123 1151 3196 estin
1176 3124 1259 3197 her-

207 3214 224 3231 ”
251 3215 305 3288 ba.
350 3217 491 3290 Amicus
516 3220 611 3308 inops
646 3216 801 3310 implorat
837 3217 987 3293 officium
1017 3240 1144 3300 tuum,
1179 3222 1257 3295 navi

251 3314 343 3383 enim
368 3311 469 3384 fratta
492 3312 704 3404 apprehendit
730 3313 803 3387 saxa
827 3310 932 3386 Brutii
951 3317 1089 3400 littoris,
1114 3316 1153 3392 ἃ
1175 3342 1257 3391 con·

250 3411 334 3480 didit
363 3409 398 3477 in
423 3409 522 3481 Ionio
548 3411 631 3479 mari
664 3410 776 3482 omnia
804 3410 922 3492 bona,
955 3412 993 3487 &
1023 3431 1102 3485 vota
1132 3412 1256 3506 superis

249 3528 318 3577 non
344 3507 503 3577 exaudita.
557 3504 633 3596 Ipse
655 3505 740 3599 jacet
766 3510 799 3577 in
824 3509 961 3591 littore,
988 3510 1024 3582 δι
1048 3506 1148 3581 fimul
1176 3533 1254 3581 cum

249 3619 293 3675 eo
317 3626 435 3696 magna
450 3603 605 3673 Deorum
629 3600 798 3676 fimulacra
819 3606 860 3674 de
885 3627 997 3695 puppe
1018 3623 1150 3694 erepta:
1172 3603 1255 3697 jam·

247 3716 313 3792 que
338 3721 412 3791 pars
436 3698 546 3768 fraclae
569 3699 661 3768 navis
685 3699 827 3773 occurrit
849 3699 1024 3794 mergis&
1040 3701 1109 3773 aliis
1136 3700 1254 3776 avibus

246 3796 413 3886 aquaticis.
454 3794 615 3866 Diminue
640 3818 728 3866 nunc
753 3797 878 3890 aliquid
904 3820 973 3868 non
997 3794 1104 3869 solum
1132 3799 1175 3869 de
1200 3806 1252 3869 re'-

247 3890 392 3970 ditibus,
418 3889 595 3962 sedetiam
619 3892 809 3965 devitemi
835 3915 935 3986 agro,
960 3917 1060 3987 quem
1086 3890 1248 3985 poffides:

244 3982 366 4079 largire
383 3986 476 4078 inopi
497 3989 630 4066 amico,
651 4012 695 4059 ne
715 3988 823 4057 ferens
846 3989 1054 4083 naufragium
1078 3991 1112 4058 in
1137 3989 1249 4062 tabula

243 4079 438 4173 deplutum,
470 4081 625 4168 oberret,
658 4087 700 4159 ad
733 4083 852 4178 stipem
879 4085 1026 4179 undique
1052 4109 1247 4253 carroffi
