2859 4709
346 398 378 473 Ὓ
486 400 1021 508 PrionotonIL
1211 446 1261 531 37

250 649 258 659 .
296 548 461 628 Erasmus
478 558 567 632 nott
577 560 786 669 Apopltlteg.
803 559 847 631 sic
865 561 928 630 ait:
948 605 971 643 ,·
982 560 1088 631 Pollio
1105 560 1259 650 dicebat;

224 672 227 677 ·
248 683 281 728 a,
295 647 492 725 Commoda
508 657 638 749 agendo
655 657 779 730 faflum
800 657 866 739 est,
880 675 914 726 ut
932 657 1016 747 laepe
1032 682 1186 751 agerem:
1204 660 1260 732 led

250 743 379 837 „saepe
399 750 678 844 agendo-facium
698 753 763 833 est,
781 771 818 824 ut
834 758 943 824 minus
959 751 1162 841 commod'e3
1182 757 1259 846 quia

252 879 280 925 2,
290 839 417 918 scilicet
432 849 610 919 affiduitate
628 849 729 921 nimia
747 849 882 923 facilitas
900 853 1029 944 magis,
1044 849 1141 940 qu'am
1155 849 1259 921 facul·

250 957 365 1022 otas,
383 967 445 1013 nec
465 943 584 1018 fiducia
606 943 660 1017 fed
678 946 844 1018 temeritas
865 965 1007 1040 paratur.
1032 947 1140 1034 Quod
1160 970 1258 1017 accu-

251 1077 278 1120 „
292 1035 365 1108 rarb
380 1040 505 1112 factum
517 1041 657 1117 velimus
668 1085 680 1124 ‚
691 1041 768 1115 rarb
780 1042 967 1114 faciendum
980 1040 1035 1113 est.
1045 1041 1121 1113 Hac
1129 1045 1258 1119 ,ratione

251 1173 280 1215 ‚‚
293 1134 375 1204 duci
393 1138 545 1209 videntur
559 1138 635 1209 Itali
653 1143 786 1232 quidam
805 1142 923 1210 eruditi
936 1182 947 1219 ‚
960 1140 1017 1234 qui
1032 1140 1105 1208 licet
1120 1130 1263 1231 pulchrb

248 1231 435 1314 „calleant
458 1230 596 1312 Latini,
614 1254 723 1306 tamen
745 1237 800 1310 rix
816 1260 961 1327 unquam
976 1235 1093 1306 adduci
1111 1231 1263 1326 poliunt,

248 1372 276 1415 „
291 1345 332 1398 ut
362 1331 396 1397 in
420 1327 571 1402 familiari
595 1331 766 1426 congrellu
795 1329 909 1404 Latini
935 1334 1120 1426 loquantur.
1164 1335 1210 1402 r'lt
1236 1328 1262 1401 li

250 1467 281 1506 ‚2
299 1428 434 1516 quando
451 1427 619 1520 compellit
635 1427 822 1506 necerfios,
838 1431 949 1501 dicunt
964 1427 1096 1508 enable,
1114 1426 1204 1522 quast
1217 1430 1260 1498 dc

248 1564 283 1607 „
299 1520 431 1613 l'cripto.
457 1524 715 1599 NoviVenetiae
731 1525 932 1598 Beroardutn
950 1527 1195 1597 Ocriculanam
1214 1525 1262 1593 ci·

256 1658 292 1702 2,
303 1643 387 1687 vem
397 1620 622 1693 Florentinum
636 1665 646 1703 ‚
660 1623 753 1718 cujus
769 1622 916 1693 historias
931 1620 953 1692 si
970 1622 1117 1716 leg-illes,
1132 1615 1262 1698 diuilles

260 1753 297 1796 0,
311 1711 448 1786 alterurn
470 1717 676 1803 Sallustium,
699 1738 754 1789 aut
783 1715 869 1790 certi:
893 1717 1029 1790 Sallustii
1055 1715 1263 1808 temporibus

252 1851 288 1897 ,‚
308 1806 449 1901 scriptas.
468 1812 660 1908 'Nunquam
688 1835 797 1887 tamen
817 1816 858 1886 ab
880 1813 1013 1885 bomine
1033 1816 1210 1906 impetrare·
1225 1810 1264 1882 li·

249 1949 285 1994 ‚,
302 1907 395 1990 cuit,
407 1928 442 1978 ut
455 1934 589 1982 mecum
603 1910 718 1983 Latini
734 1913 942 2002 loqueretur:
958 1908 1093 1980 subinde
1102 1907 1264 1997 interpel-

254 2048 287 2089 „
302 2002 430 2074 labam:
447 2004 543 2080 furdo
562 2010 705 2099 loqueris
720 2010 783 2090 vir,
797 2006 1127 2099 praclare‚vulgaris
1142 2004 1264 2095 lingua

253 2143 283 2186 „
298 2099 445 2174 vestratis
470 2122 535 2174 ram
551 2101 622 2176 lum
643 2107 795 2198 ignarus,
812 2103 912 2195 quim
934 2103 1069 2174 Indica.
1107 2100 1265 2174 Verbum

253 2240 285 2281 2,
301 2197 462 2270 Latinum
487 2225 655 2296 nunquam
681 2203 771 2295 quivi
795 2201 834 2272 ab
856 2226 904 2273 eo·
925 2202 1152 2276 extundere.“
1177 2197 1265 2270 Haec

260 2292 440 2366 Erasmus.

315 2390 462 2464 Budaeus
484 2390 521 2464 itt
536 2397 708 2474 Continent.
748 2394 889 2490 Linguae
912 2398 1058 2471 orata,
1085 2386 1267 2482 reprelien-

265 2489 503 2575 dens'Vallam
524 2493 608 2562 circa
626 2494 875 2583 reciprocorum
890 2491 1008 2572 usum,
1031 2489 1074 2559 st:
1097 2489 1163 2558 ait:
1190 2487 1268 2563 „ld

264 2628 290 2668 „
303 2604 418 2674 autem
440 2586 618 2658 Laurentio
642 2613 708 2659 oon
725 2587 799 2659 aliis
821 2587 961 2669 accidit,
987 2583 1086 2678 quam
1107 2607 1148 2654 ex
1168 2605 1268 2670 prava

265 2683 517 2778 „loquentium
546 2683 803 2763 consuetudine,
828 2683 948 2776 quibus
971 2702 1025 2752 aut
1048 2680 1197 2776 legendo
1213 2695 1269 2750 aut

265 2781 477 2859 „audiendis
504 2781 596 2851 inviti
620 2781 739 2852 erroris
765 2786 997 2872 contagionem
1022 2776 1268 2850 contrahimus:

266 2914 293 2956 ῃ
307 2875 405 2949 srmul
426 2900 469 2948 ert
485 2874 633 2948 sermone
648 2876 865 2968 extemporali
874 2920 890 2956 ‚.
904 2879 939 2949 dt
956 2875 1131 2969 neglecto,
1148 2878 1200 2942 cni
1218 2873 1269 2941 in-

268 3012 294 3057 „
308 2993 358 3043 ter
373 2971 550 3046 familiares
564 2972 789 3051 alludamus,
803 2969 982 3063 pracsertim
1001 2997 1091 3060 purae
1110 2969 1268 3040 Latinita-

267 3072 346 3152 ‚„tis
362 3068 514 3164 ignaros:
530 3097 593 3162 qua
618 3067 755 3149 nortafit
777 3069 960 3147 interdurn,
975 3087 1011 3139 ut
1034 3071 1183 3159 quaedam
1204 3067 1270 3134 im.-

269 3205 296 3246 „
311 3165 528 3256 prudentibus
543 3169 715 3248 excidant:
733 3167 765 3234 id
784 3168 874 3258 quod
892 3165 1065 3258 aliquando
1079 3163 1206 3253 experri
1222 3159 1273 3232 su·

270 3302 296 3345 ,‚
310 3285 386 3332 mus
404 3262 440 3331 in.
455 3262 666 3358 autographis
682 3261 820 3344 nostris,
838 3264 882 3339 ita
907 3280 945 3336 ut
966 3259 1137 3356 flagitiosae
1164 3257 1272 3348 culpae

202 3430 215 3455 Ι
271 3401 296 3442 ‚,
308 3382 371 3429 nos
393 3359 600 3449 perpuderet.
615 3368 639 3439 ‘,‘
1167 3425 1172 3432 .

320 3450 501 3528 Cornelius
516 3457 677 3530 Valerius
690 3457 724 3526 in
739 3451 809 3546 fine
822 3453 894 3544 suae
907 3458 1110 3554 Synroxcos:
1139 3447 1273 3529 »Ηὸῦῦ

268 3556 296 3634 3,
308 3552 545 3642 proprietatem
579 3551 612 3622 in
643 3553 824 3626 verborum
856 3553 1089 3640 conjunctione
1117 3546 1174 3634 qui
1207 3565 1276 3617 non

272 3689 299 3729 ,‚
311 3646 486 3726 observat,
505 3671 566 3717 nec
592 3649 755 3719 aerenum
775 3649 874 3722 habet
895 3650 1026 3721 ullum,
1052 3645 1077 3713 is
1102 3638 1277 3711 Barbarica

273 3741 416 3832 „phrasi
436 3748 745 3835 omnempervertit
762 3747 987 3826 Latinitatem..
1010 3739 1117 3830 Quod
1144 3740 1181 3808 iis
1207 3731 1276 3806 ferit

275 3882 299 3920 „
311 3840 391 3910 folet
415 3839 563 3910 accidere
588 3843 644 3933 qui
662 3841 808 3935 linguam
824 3841 981 3915 Latinam
997 3842 1042 3909 ad·
1061 3837 1185 3907 idioma
1203 3851 1286 3902 ver-¹

275 3935 468 4021 „naculum
497 3939 703 4032 detorquent.
715 3950 740 3989 ‘⁶
902 4013 905 4019 ,
1197 4024 1217 4099 J
1237 3971 1238 3974 ¹

792 4032 825 4106 C
850 4053 875 4124 3»
1221 4031 1279 4091 Oa·
