2859 4709
402 471 405 482 ,
523 385 607 459 Ao
632 404 649 457 s
675 404 747 458 on
772 401 840 457 11.
1110 400 1182 479 255

181 506 229 603 '65
255 500 403 597 Triplex
423 501 582 587 libertas,
606 502 785 602 capillique
810 501 950 578 minutio
977 501 1106 599 triplex.

257 603 406 675 Trinum
431 603 560 675 dicendi
585 630 691 699 genus
710 605 777 686 est,
802 602 1188 687 sublime,modellum,'

218 764 221 768 .
257 702 301 771 Et
322 698 412 769 tenui
433 697 513 771 filo:
534 704 652 793 triplex
674 725 808 795 quoque
832 702 941 772 forma
960 701 1140 783 medendi,

259 796 351 887 Quae
377 795 498 887 logos,
530 798 812 907 autmethodom
838 800 959 890 cuique
987 796 1189 887 experientia

311 915 453 971 nomen,

258 992 305 1061 Et
329 989 491 1060 medicina
514 989 657 1080 triplex,
682 986 836 1069 servare,
860 1012 1000 1063 cavere,
1024 987 1166 1061 mederi.

188 1106 240 1179 ἰο
263 1087 354 1158 Tres
377 1104 545 1157 oratorum
571 1087 697 1165 cultus,
723 1105 857 1180 regnata
882 1082 1015 1156 colosso.

263 1184 380 1271 Quem
394 1182 557 1261 Rhodus,
574 1183 710 1260 Atteae,
723 1207 823 1274 quem
841 1180 993 1252 dilexistis
1006 1179 1169 1267 Athenae,

263 1280 307 1348 Et
330 1301 430 1369 quem
459 1278 500 1348 de
522 1276 623 1348 scenis
647 1279 761 1349 tetrica
788 1283 828 1351 ad
850 1276 996 1348 subsellia
1021 1278 1118 1350 traxit

263 1372 364 1446 Prosa
383 1372 490 1455 Asiae,
515 1373 547 1443 in
572 1371 671 1444 causis
689 1396 846 1446 numeros
862 1374 982 1445 imitata
999 1373 1193 1450 chororum:

264 1468 424 1561 Orpheos
456 1471 533 1543 hinc
558 1471 730 1561 tripodes,
768 1471 843 1564 quia
867 1469 938 1541 sunt
968 1470 1054 1555 tria,
1082 1490 1192 1551 terras

219 1599 221 1602 ·
318 1590 426 1657 aqua,
448 1568 589 1640 llammo.

193 1683 242 1756 75
268 1661 418 1751 Triplex
441 1661 595 1736 sideribus
619 1659 762 1752 politus,
790 1660 954 1746 distantia,
976 1663 1107 1748 forma,

275 1758 320 1828 Et
333 1758 467 1851 modus,
479 1758 516 1835 δι
530 1760 673 1855 genitrix
687 1762 903 1833 modulorum
917 1758 1038 1832 mustra
1051 1762 1193 1856 triplex,

269 1856 380 1928 Mixta
401 1854 509 1940 libris,
533 1858 651 1930 secreta
676 1855 788 1940 astris,
812 1859 944 1953 vulgata
968 1855 1108 1931 theatris.

269 1950 393 2024 Martia
417 1952 530 2026 Roma
552 1952 693 2044 triplex:
717 1957 887 2047 equitatu,
911 1952 1031 2044 plebe,
1048 1953 1170 2028 senatu.

270 2048 355 2120 Hoc
378 2071 520 2145 nurnero
542 2047 731 2150 tribum&
754 2049 842 2123 sacro
865 2053 907 2120 de
925 2065 1042 2119 monte
1060 2050 1195 2124 tribuni.

200 2143 250 2218 80
271 2146 362 2216 Tres
379 2146 535 2237 equitnm
548 2164 698 2227 turmae,
724 2147 783 2220 tria
803 2148 938 2220 nomina
957 2142 1172 2221 nobiliorum.

272 2242 424 2313 Nomina
438 2236 509 2313 sunt
521 2238 650 2314 chordis
665 2243 726 2314 tria
740 2270 750 2312 ε
775 2241 848 2316 sunt
861 2243 918 2315 tria
932 2244 1065 2315 nomina
1081 2242 1195 2317 mensi.

273 2340 452 2431 Geryones
471 2337 613 2428 triplex,
633 2338 756 2428 triplex
778 2362 943 2434 compago
962 2337 1148 2412 Chimaerae.
1258 2384 1260 2389 ·

273 2433 385 2598 Scyll?
406 2434 550 2527 triplex,
575 2433 744 2508 commissa
765 2435 891 2522 tribus,
917 2457 1019 2520 cane,
1045 2437 1197 2530 virgine,

326 2555 361 2620 pt
376 2554 424 2601 ce.
818 2577 820 2581 -

275 2626 486 2721 Gorgones,
513 2624 764 2722 Harpyaeque,
794 2628 831 2706 dt
868 2626 1032 2723 Erinnyes
1064 2627 1198 2723 agmine

328 2739 432 2795 terno.
488 2777 490 2781 -

206 2818 252 2912 85
278 2820 324 2890 Et
351 2834 413 2891 tres
437 2818 578 2893 fatidicae
604 2845 729 2894 nomen
754 2842 933 2895 commune
960 2815 1113 2915 Sibyllae:

283 2915 765 3010 Quarum‘tergemini'fatalia
792 2918 934 2989 carmina
957 2915 1053 2987 libri:

279 3012 381 3099 Quos
406 3030 454 3083 ter
479 3013 657 3105 quinorum
679 3014 784 3089 servat
807 3014 932 3085 cultura
954 3014 1116 3087 virorum,

278 3106 355 3177 Ter
376 3104 477 3180 bibe:
500 3126 566 3181 tres
590 3133 747 3183 numerus
772 3109 866 3201 super
889 3109 1024 3196 omnia,
1039 3128 1089 3184 ter
1103 3113 1202 3188 Deus

326 3224 423 3275 unus.
763 3255 765 3260 .

279 3296 353 3369 Hic
369 3324 504 3394 quoque
520 3325 562 3372 ne
580 3303 676 3377 ludus
696 3323 837 3376 numero
855 3298 1046 3374 transcurrat
1061 3302 1179 3392 inerti,

179 3492 184 3503 .
204 3413 259 3487 90
281 3395 356 3468 Ter
369 3398 478 3473 decies
492 3413 602 3476 ternos
620 3399 761 3484 habeat,
777 3396 947 3492 deciesque
961 3421 1122 3475 novenos.

1005 4049 1215 4188 tunu-
