2859 4709
324 460 380 516 na
404 460 516 520 stru
542 449 703 521 onata.
744 447 994 545 liuthart
1101 451 1169 551 '563

204 579 333 651 centes,
360 570 541 650 Frentani,
566 573 705 650 Dauni,
739 574 890 666 appuli,
923 573 1080 659 Calabri,
1107 582 1173 652 Sa-

205 665 285 732 rrini.
323 667 379 737 Ad
406 669 575 740 dexteram
600 667 670 739 sunt
689 668 907 763 sub,Alpibus
924 674 1088 767 Ligures,
1113 673 1173 746 sub

206 761 340 852 pennino
357 764 526 836 Hetruria.
568 766 645 837 Poll
665 767 799 840 Latium
819 767 956 851 Volsci,
984 769 1170 860 Campani,

226 854 323 950 super
348 863 528 935 Lucaniam
555 861 679 939 Brutii.
731 863 875 936 Urbium
901 891 975 958 quae
998 868 1116 955 procul
1152 865 1171 941 ai

208 955 244 1024 tri
263 956 451 1031 habitantur
479 960 731 1052 opulentillimae
754 963 846 1043 sunt,
871 966 912 1034 ad
932 962 1087 1034 finilltam
1109 966 1173 1036 Pa-

209 1051 287 1124 tum
312 1058 514 1143 Antenoris,
538 1059 696 1138 Mutina,
720 1056 757 1131 ὅ(
784 1059 957 1141 bononia,
987 1060 1173 1132 Romano-

210 1152 417 1227 ncoloniae.
459 1157 515 1228 Ad
547 1159 717 1228 dexteram
746 1156 862 1248 Capua
886 1155 904 1228 ir
929 1154 1101 1239 Thuscis,
1132 1155 1170 1232 ὅ(

211 1273 273 1320 nna
296 1254 464 1343 quondam
490 1252 507 1322 *a
538 1252 721 1344 pastoribus
751 1255 907 1336 condita,
933 1279 1022 1328 nunc
1054 1253 1077 1324 st
1108 1277 1171 1345 pro

216 1346 294 1417 teria
316 1349 466 1427 dicatur,
492 1350 630 1421 alterum
654 1363 748 1439 opus.
794 1356 838 1419 Ar
862 1353 896 1422 in
919 1353 985 1424 oris
1013 1352 1171 1443 proxima

229 1439 247 1511 'a
274 1443 440 1535 Tergeste
462 1444 664 1517 Concordia.
707 1445 871 1518 Interlluit
894 1450 1082 1535 Timavus,
1101 1472 1169 1518 no·

212 1563 234 1609 n
259 1539 422 1632 capitibus
446 1564 632 1635 exurgens,
652 1565 720 1613 uno
748 1541 830 1614 ollio
850 1540 993 1616 emilius.
1032 1546 1168 1618 Deinde

212 1635 275 1707 tiso
303 1659 371 1707 non
392 1636 493 1732 longe
517 1635 535 1708 b
558 1639 642 1709 mari
664 1640 767 1710 ditem
793 1639 921 1734 attingit
944 1642 1170 1734 Aquileiam:

212 1757 243 1803 ra
265 1732 310 1801 est
324 1733 487 1806 Altinum.
529 1735 707 1826 Superiora
725 1736 789 1808 late
813 1757 953 1828 occupat
976 1736 1085 1810 littora
1106 1739 1169 1810 Pa·

213 1853 233 1899 r.
275 1830 434 1927 Namque
458 1829 499 1905 ab
516 1832 590 1902 imis
610 1830 776 1905 radicibus
794 1833 912 1907 Veluli
927 1835 1050 1906 montis
1070 1858 1170 1905 error-

220 1968 231 2006 ,
257 1931 366 2019 parvis
395 1928 428 2000 se
452 1928 598 2021 primum
624 1930 774 2002 fontibus
798 1929 954 2024 colligit,
975 1930 1012 2005 dt
1036 1931 1168 2025 aliqua·-
1198 1999 1207 2008 ,

214 2046 253 2094 us
276 2026 370 2098 exilis
396 2051 433 2098 ac
458 2051 589 2111 macer,
615 2051 698 2100 mox
723 2027 793 2100 aliis
817 2026 970 2101 amnibus
991 2024 1076 2099 aded
1104 2050 1169 2099 au·

213 2117 262 2192 bit
287 2139 383 2218 atque
408 2123 527 2206 alitur,
546 2139 583 2198 ut
603 2121 634 2196 se
658 2149 718 2217 per
743 2125 869 2216 septem
893 2127 933 2196 ad
958 2124 1168 2215 postremum

214 2216 237 2291 ia
256 2218 414 2293 effundat.
453 2223 568 2295 Unum
590 2223 632 2294 de
654 2222 875 2316 iis'magnum
898 2225 1027 2294 Padurn
1051 2224 1169 2313 appel-

214 2330 234 2387 t.
281 2316 368 2388 Inde
399 2336 466 2391 tam
490 2318 749 2411 citusprosrlit,
774 2337 811 2390 ut
840 2317 981 2390 dilcuffis
1007 2317 1168 2394 fluctibus

240 2414 372 2505 qualem
399 2415 504 2488 ernisrr
529 2417 651 2487 undam
677 2434 785 2513 agat,
815 2413 977 2511 suumque
1005 2417 1105 2488 etiam
1130 2419 1167 2489 in

215 2510 240 2580 ri
268 2511 399 2583 alveum
424 2513 553 2590 servet,
580 2515 687 2587 donec
719 2535 796 2585 cum
822 2536 865 2584 ex
893 2511 1029 2587 adverso
1053 2514 1166 2586 littore

215 2605 260 2679 iae
286 2608 408 2681 eodem
433 2611 562 2702 impetu
582 2607 750 2702 profluens
768 2607 856 2680 Iller
878 2611 981 2681 amnis
1011 2610 1167 2701 excipiat.

216 2727 287 2775 cre
307 2729 423 2795 perca
444 2708 516 2780 loca
537 2706 793 2802 navigantibus,
815 2731 879 2800 qua
899 2707 1031 2799 utrique
1053 2729 1167 2778 amnes

216 2816 268 2884 tt,
294 2804 380 2892 inter
405 2803 545 2876 marinas
573 2829 671 2899 aquas
699 2805 847 2876 dulcium
872 2801 1010 2876 haustus.
1035 2801 1091 2876 ell.
1131 2807 1166 2876 A

216 2900 248 2968 lo
276 2902 316 2972 ad
350 2902 526 2974 Anconam
559 2901 707 2975 transitur
733 2901 917 2983 Ravenna,
944 2898 1166 2996 Ariminum,
1202 2920 1204 2923 ·

216 3002 352 3081 aurum,
371 2997 530 3071 Fanestris
546 3000 696 3079 colonia,
715 2999 919 3092 Senegallia‚
939 2995 1066 3071 flumen
1081 3000 1166 3070 Me-

216 3115 289 3171 rus‚
313 3110 410 3187 atque
432 3094 525 3176 Elis,
547 3096 583 3171 ὅ(
607 3095 660 3167 illa
683 3097 718 3165 in
744 3093 882 3189 angullo
908 3096 1045 3166 illorum
1071 3097 1165 3166 duo·

215 3212 230 3256 n
260 3192 571 3281 promontoriorum
610 3215 654 3264 ex
685 3193 816 3263 diverso
851 3193 1080 3268 coeuntium,
1106 3191 1165 3260 in-

215 3286 236 3356 ti·
256 3284 357 3358 cubiti
388 3289 534 3384 imagine
560 3289 696 3372 sedens,
722 3312 759 3360 ac
788 3289 863 3360 ideo
893 3288 911 3360 ir
939 3289 1052 3366 Graiis
1074 3288 1167 3360 ‘dicia

215 3406 318 3464 cona,
341 3384 426 3458 inter
448 3386 594 3461 Gallicas
621 3385 816 3480 Italicalque
836 3405 953 3481 gentes
981 3383 1070 3477 quast
1093 3403 1166 3456 tet-

215 3504 264 3552 rus
291 3483 375 3553 inter
401 3482 458 3556 eli.
500 3482 600 3556 Hanc
626 3487 716 3556 enim
740 3481 945 3578 praegrellos'
961 3482 1074 3554 Piceni
1101 3484 1204 3553 lit-‘'

215 3604 228 3651 a
252 3579 442 3671 excipiunt:
470 3580 505 3650 in
532 3578 652 3674 quibus
675 3585 855 3662 Numana,
881 3581 1058 3660 Potentia,
1083 3580 1165 3652 Cla-

215 3700 270 3757 na,
292 3675 409 3768 Cupra
427 3676 545 3752 urbes:
567 3677 706 3751 Callella
727 3693 837 3749 autem
851 3678 1027 3759 Firmum,
1042 3678 1161 3756 Adria,

215 3788 361 3847 uentum.
398 3776 441 3846 Id
459 3769 625 3858 alluvio,
643 3772 699 3868 qui
716 3774 884 3867 praeterit,
904 3777 936 3846 ei
958 3796 1083 3846 nomen
1107 3771 1167 3844 est.

239 3895 281 3941 eo
308 3873 480 3944 Samnites·
495 3874 657 3944 maritima
679 3890 792 3944 tenent
813 3875 855 3944 ad
875 3873 994 3944 Aterni
1018 3870 1166 3942 fluminis
1195 3920 1202 3941 ,

218 3996 246 4042 a.
290 3968 399 4043 Urbes
416 3970 539 4043 Bucara
554 3972 589 4046 dc
603 3969 823 4053 Histonium,
842 3970 954 4042 Dauni
971 3984 1088 4041 autem
1097 3968 1170 4038 Tl-

213 4091 285 4142 rum
305 4092 462 4158 amnem,
485 4068 713 4152 cliterniam,
734 4066 1235 4211 Lucrinums'ibeanumpv

268 4177 270 4180 ’
672 4172 753 4251 tta
774 4193 805 4252 2
1064 4204 1066 4206 ’
1123 4171 1241 4240 “W
