2859 4709
295 290 532 386 irminibusque
554 295 638 365 meis
662 297 817 366 accedant
839 331 918 384 pc.-

302 392 392 482 Quae
416 408 482 461 rata
506 414 566 483 per
590 391 699 464 ludus
723 392 894 481 experiere
919 407 1004 461 tuos.

277 488 354 558 leve
379 483 444 556 sme
470 487 633 578 exemplis
659 489 724 557 aevi
748 488 894 558 cruciere
916 483 1053 577 priori&

303 584 375 652 Sint
400 601 455 652 tua
480 582 648 678 Trojanus
671 606 739 652 non
770 583 896 653 leviora
919 582 1032 653 malis:

259 681 453 770 Quantaque
478 680 634 773 clavigeri
661 680 823 751 Paeantius
845 677 1003 750 Herculis
1029 673 1135 747 haeres

298 776 407 847 Tanta
430 796 593 849 venenato
614 776 748 850 vulnera
773 798 868 845 crure
892 798 998 866 geras.

251 871 330 943 Nec
352 872 457 942 levius
482 874 609 952 doleas,
637 870 736 965 quim
760 873 816 963 qui
842 869 923 940 bibit
947 870 1049 942 ubera
1071 880 1200 953 cervaej

283 967 518 1063 ‘Armatul'rlue
545 968 616 1040 tulit
642 968 759 1040 vulnus
783 969 910 1037 inerme
934 990 1063 1058 potens.

250 1064 388 1157 Quique
412 1062 454 1134 ab
478 1089 566 1158 equo
590 1089 737 1157 praeceps
759 1063 871 1136 alienis
894 1065 1015 1135 decidit
1041 1063 1148 1147 arvis,

296 1161 409 1232 Exitio
433 1162 533 1232 furies
558 1164 612 1234 cui
637 1159 690 1233 sua
710 1159 795 1252 peni
815 1161 887 1233 fuit.

248 1258 290 1332 Id
311 1260 402 1348 quod
426 1257 664 1352 Amyntorides
687 1260 821 1335 videas,
842 1254 1053 1350 trepidusque
1072 1251 1227 1328 ministro

294 1354 471 1425 Praetentes
498 1355 615 1427 baculo
641 1355 774 1427 luminis
798 1354 898 1426 orbus
922 1354 1008 1431 iter,

247 1450 324 1522 Nec
349 1450 421 1539 plus
448 1449 601 1541 aspicias,
627 1475 727 1544 quam
752 1475 851 1546 quern
875 1449 932 1522 sua
956 1450 1023 1521 filia
1046 1449 1154 1534 rexit,

293 1545 458 1636 Expertus
483 1546 586 1619 scelus
608 1545 654 1618 est
678 1548 773 1642 cujus
795 1565 934 1637 uterque
953 1569 1081 1639 parens.

245 1641 364 1734 Qualis
386 1663 454 1714 erat
477 1640 649 1738 poliquim
671 1644 717 1716 est
735 1643 838 1736 judex
860 1648 902 1714 de
926 1643 982 1715 lite
1001 1641 1114 1734 jocosa

292 1739 473 1833 Sumptus,
495 1741 671 1831 Apollinea
695 1740 800 1812 clams
823 1740 857 1810 in
881 1756 950 1809 arte
972 1738 1081 1812 senex.

246 1836 365 1926 Qualis
389 1835 516 1928 &ipse
540 1837 624 1913 fuit,
645 1861 713 1930 quo
737 1836 948 1928 praecipiente
974 1836 1131 1910 columba

291 1930 357 2004 Est'
371 1935 443 2006 data
467 1933 616 2006 Palladia
638 1936 779 2025 previa,
797 1935 932 2025 duxque
951 1934 1021 2006 reti.

245 2028 384 2120 Quique
404 2030 509 2101 oculis
526 2029 652 2105 caruit,
677 2055 738 2121 per
755 2054 839 2122 quos
855 2030 940 2100 male
955 2031 1080 2104 viderat
1097 2051 1240 2117 aurum,

290 2123 432 2198 inferias
459 2143 537 2196 nato
563 2148 648 2222 quos
673 2129 762 2198 dedit
784 2126 866 2198 orba
885 2149 1010 2215 parens.

241 2220 356 2292 Pallor
380 2239 417 2294 ut
441 2220 632 2304 Primnum,
658 2225 713 2295 cui
737 2221 828 2297 casus
848 2217 922 2295 anti
943 2221 1075 2316 futuros

290 2318 454 2392 Telemus
474 2321 683 2415 Eurymedes
709 2321 901 2392 vaticinatus
923 2338 1002 2391 erat.

242 2413 288 2486 Ut
316 2419 383 2488 duo
407 2415 594 2495 Phineidae‚
618 2414 738 2507 quibus
759 2419 849 2488 idem
872 2416 983 2487 lumen
1005 2415 1153 2494 ademit,

290 2513 362 2603 Qui
388 2515 496 2594 dedit,
518 2512 555 2587 &
571 2513 776 2610 Thamytae‚
797 2512 1056 2605 Demodocique
1076 2525 1187 2604 caput.

239 2605 295 2680 Sic
317 2608 432 2699 aliquis
453 2628 509 2682 tua
531 2611 682 2682 membra
705 2608 809 2691 secet,
835 2611 991 2682 Saturnus
1015 2628 1052 2685 ut
1077 2609 1147 2682 illas

286 2703 458 2776 Subsecuit
476 2723 602 2796 partes,
623 2710 710 2779 unde
733 2725 857 2778 creatus
878 2724 955 2778 erat.
1083 2724 1086 2733 ·

238 2801 319 2874 Nec
344 2798 404 2872 tibi
428 2799 467 2872 srt
491 2806 624 2876 tumidis
646 2805 764 2876 melior
786 2804 964 2893 Neptunus
988 2803 1023 2874 in
1045 2803 1163 2887 nudie,¹

236 2900 272 2969 le.
289 2903 405 2993 Quam
430 2898 483 2969 cui
505 2898 577 2973 sunt
597 2899 672 2973 vilae
693 2900 811 2983 frater,
829 2897 866 2971 &
887 2923 974 2971 uxor
1000 2925 1088 2973 aves.

237 2996 434 3087 Sollertique
456 2994 553 3075 viro,
575 2997 688 3070 lacerae
713 3021 814 3091 quem
837 2993 939 3068 traua
966 3015 1136 3068 tenentem

285 3091 444 3168 Membra
465 3093 541 3163 ratis
564 3094 711 3167 Semeles
735 3094 781 3165 est
806 3089 951 3163 miserata
977 3092 1079 3166 soror.

234 3189 308 3266 ,Vel
331 3207 408 3269 tua,
428 3213 470 3260 ne
491 3214 602 3279 poenae
621 3215 728 3287 genus
749 3192 815 3265 hoc
839 3194 1035 3282 cognoverit
1053 3202 1162 3273 unus,¹

285 3284 425 3362 Viscera
450 3284 583 3359 diversrs
608 3285 693 3360 scilla
716 3288 860 3361 ferantur
884 3286 988 3376 equis.

231 3381 304 3462 Vel
329 3394 425 3474 quae,
448 3382 503 3472 qui
527 3382 644 3457 redimi
662 3386 835 3458 Romanos
859 3399 954 3472 turpe
982 3381 1132 3475 putavit,

281 3483 316 3552 A
342 3483 433 3567 duce„
448 3480 595 3550 Puniceo
620 3483 776 3575 pertulit,
798 3478 867 3573 ipse
895 3476 990 3552 feras.

231 3574 312 3650 Nec
337 3573 396 3645 tibi
422 3571 563 3646 subfidio
584 3573 622 3647 fit
647 3577 788 3670 praelens
811 3598 956 3656 numen,
978 3593 1016 3650 ut
1038 3575 1085 3648 illi

281 3669 353 3752 Cui
373 3667 454 3744 nihil
477 3669 614 3749 Hercei
636 3674 763 3773 profuit
788 3671 968 3754 aratoris.
1114 3766 1156 3845 Ut
