2859 4709
561 443 851 516 rulers.
1134 444 1206 519 ari

204 564 373 647 Bittius,
395 564 433 642 &
459 564 609 640 Canaces
634 565 714 641 licut
738 567 818 639 sacis
844 566 954 637 ardeat
981 565 1084 661 ignei

254 665 332 736 Nec
356 662 415 733 nist
441 688 502 757 per
526 667 651 737 crimen
678 663 715 733 fir
736 665 795 735 tibi
818 662 883 734 fida
912 661 1016 736 soror.

203 760 286 834 Filia
310 761 334 834 fi
358 760 479 844 fuerit,
506 760 544 833 stt
569 763 660 857 quod
686 759 841 853 Pelopeia
867 759 1017 843 Thielli,
1117 814 1121 819 .

252 857 395 956 Myrrha
419 855 478 955 suo
498 861 602 951 parri,
630 858 902 951 Nyslimeneque
925 857 996 928 suo.

201 952 283 1025 Filia
305 980 390 1028 neve
414 957 522 1048 magis
544 954 640 1047 rapiti
664 955 700 1026 srr
725 952 790 1026 fida
814 955 976 1045 parentis,

251 1052 367 1142 Quam
389 1067 443 1123 tua
469 1051 546 1136 vel,
570 1052 718 1131 Pterela,
743 1051 796 1121 vel
819 1070 896 1134 rua,
921 1049 1028 1126 Nise,
1050 1049 1136 1132 funt

201 1144 433 1243 Infamemque
457 1150 571 1220 locum
596 1145 725 1219 sceleris
746 1171 820 1239 quae
842 1151 978 1218 nomine
1003 1145 1106 1228 serit,

249 1245 363 1317 Pr'effit
394 1244 431 1321 δι
456 1245 598 1316 induetis
620 1243 769 1315 membra
796 1261 930 1334 paterna
954 1247 1046 1315 rotis.

203 1337 245 1409 Ur
271 1340 426 1433 juvenes,
447 1364 582 1433 pereas,
604 1364 748 1432 quorum
771 1340 895 1435 salligia
920 1339 1031 1416 vultus

249 1440 344 1510 Olim
369 1437 469 1511 Piseae
494 1438 672 1510 suslinuere
696 1435 798 1508 fores.

202 1532 247 1604 Ut
272 1536 331 1628 qui
354 1533 516 1626 perfusam
541 1532 740 1605 miserorum
764 1534 855 1603 caede
879 1547 1082 1626 procorum}

247 1630 327 1722 Ipse
350 1631 409 1703 suo
432 1632 549 1702 melius
574 1628 731 1724 sanguine
754 1629 850 1701 tinxit
875 1632 1030 1707 humum.

203 1726 361 1800 Proditor
383 1745 420 1800 ut
441 1724 514 1799 saevi
536 1726 699 1820 periitque
726 1726 839 1819 auriga
865 1732 1015 1825 tyranni,

251 1825 324 1917 Qui
346 1849 433 1899 nova
455 1826 606 1921 Myrtoae
633 1823 769 1894 nomina
794 1824 873 1894 fecit
899 1851 1005 1920 aque.

204 1919 245 1992 llt
268 1921 325 2015 qui
350 1922 504 1995 velocem
528 1919 642 1992 frustra
669 1920 805 2013 petiere·
824 1921 994 2010 puellam,

247 2020 344 2092 Dum
366 2020 449 2091 faeta
474 2017 521 2090 est
545 2017 652 2109 pomis
676 2019 799 2088 tardior
822 2017 876 2088 illa
903 2018 1022 2090 tribus'

205 2114 245 2188 Ut
270 2119 326 2210 qui
350 2118 434 2189 tedia
459 2114 539 2189 novi
564 2114 707 2185 sormam
731 2115 869 2185 celantia
894 2114 1033 2188 monstri

244 2213 412 2288 Intrarunt
439 2236 536 2285 caecae
561 2235 628 2282 non
656 2210 824 2285 redeunda
852 2214 982 2284 domus.

206 2308 243 2382 Ut
268 2335 415 2404 quorum
442 2308 594 2383 fflacides
618 2307 703 2378 misit
729 2307 895 2383 violentus
921 2310 1058 2385 inaltus

244 2408 400 2499 Corpora
425 2432 501 2479 cum
524 2406 606 2476 senis
631 2403 728 2476 altera
757 2404 830 2474 sena
853 2429 968 2502 rogos.
1139 2403 1141 2407 ’

203 2501 243 2576 Ut
269 2530 352 2597 quos
377 2501 523 2576 obscuris
548 2502 654 2575 vidlos
676 2500 872 2597 ambagibus
896 2507 964 2575 oris
1065 2590 1067 2595 ,

246 2601 409 2696 Legimus
432 2602 569 2672 infandae
587 2596 732 2695 Sphinga
753 2598 873 2669 dedisse
893 2600 979 2671 neci.

200 2698 244 2769 Ut
267 2702 327 2791 qui
346 2698 498 2772 Bistoniae
521 2698 648 2788 templo
672 2696 822 2767 cecidere
848 2697 1034 2780 Minervae,

245 2799 387 2887 Propter
409 2797 500 2889 quod
522 2791 621 2864 saties
646 2814 733 2866 nunc
757 2819 891 2887 quoque
916 2794 1006 2869 versa
1028 2796 1115 2873 Deae
1133 2797 1192 2873 ell.'

197 2893 241 2965 Ut
267 2895 324 2985 qui
349 2891 496 2964 Threicii
523 2894 688 2985 quondam
709 2888 864 2983 praesepia
890 2895 979 2990 regis
1075 2916 1080 2927 ·

242 2991 409 3062 Fecerunt
431 2986 570 3083 dapibus
594 2985 843 3082 sanguinolenta
868 2986 941 3064 suis.

193 3086 504 3160 Therodamanteos
530 3101 567 3158 ut
593 3084 647 3179 qni
673 3083 795 3156 sensere
821 3088 958 3170 leones,
1116 3168 1141 3179 Ι,

239 3185 380 3276 Quique
403 3184 589 3255 Thoanteae
615 3180 762 3254 Taurica
788 3181 874 3253 sacra
900 3190 996 3260 Deae.

189 3281 238 3353 Ur
263 3306 348 3372 quos
371 3282 477 3378 Scylla
494 3303 622 3356 vorax,
642 3282 827 3375 Scyllaque
848 3282 979 3355 adversa
1002 3279 1193 3380 Charybdis

238 3377 409 3452 Dulichia
434 3380 567 3468 pavidos
591 3375 742 3468 eripuere
767 3375 837 3446 rati.

189 3471 237 3544 Ut
262 3498 347 3566 quos
368 3474 494 3546 demisit
518 3473 639 3548 vallam
665 3469 890 3566 Polyphemus
910 3479 945 3548 in
968 3476 1103 3550 alvum:

237 3572 284 3643 Ut
310 3569 544 3668 Lestrygonias
567 3570 624 3664 qui
648 3565 776 3638 subiere
801 3578 927 3645 manus.

191 3662 241 3736 lJt
261 3691 343 3760 quos
365 3672 433 3743 dux
459 3673 585 3742 Poenus
613 3665 723 3736 mersit
745 3670 931 3758 putealibus
955 3670 1078 3754 undis,

239 3764 284 3835 Et
304 3766 390 3860 jad‘ro
416 3791 511 3840 canas
533 3766 667 3860 pulvere
688 3764 767 3836 fecit
791 3790 899 3857 aquas.

178 3859 232 3953 ¹Et
257 3865 348 3938 velut
372 3865 522 3938 Icaridos
543 3862 675 3936 samulae
702 3860 830 3956 periere
852 3860 1035 3957 prorisque,

233 3959 347 4059 Inque
368 3980 476 4059 caput·
491 3959 618 4038 domini
645 3959 701 4052 qui
718 3957 822 4129 gabar
845 3984 933 4037 arma
952 3960 1073 4055 procis.
1128 3956 1175 4128 *U
