2859 4709
526 406 807 481 Saeuum
864 412 895 480 Ι.
1136 433 1206 511 277

202 521 388 601 Auriculac
410 527 487 625 ofini
509 536 579 627 quis
601 558 664 604 non
688 533 806 604 habet?
832 537 892 605 hoc
917 554 975 626 ego
994 550 1158 625 opertum:

204 625 280 694 Hoc
302 626 408 698 ridere
426 652 549 708 meum,
574 652 638 699 rnen
662 631 730 710 nil,
759 633 847 701 nulla
873 629 932 700 tibi
953 630 1055 699 venio

202 721 333 801 Iliade,
357 725 475 796 audaci
501 731 676 820 quicunque
700 725 802 814 afflare
831 728 989 804 Cratino,

205 815 330 887 Iratum
347 823 537 915 Eupolidem
559 826 750 918 praegrandi
774 849 843 894 cum
861 825 938 910 sene
960 819 1085 911 palles:

203 911 326 1007 Aspice
352 916 392 991 θ
418 919 507 999 haec,
524 915 556 1008 fi
571 917 665 1008 forre
690 921 813 1013 aliquid
837 921 995 992 decoilius
1018 917 1123 990 audis.

205 1011 287 1081 Inde
310 1032 470 1108 vaporata
499 1015 596 1084 lellor
618 1017 695 1084 mihi
710 1013 846 1103 ferveat
872 1039 972 1093 oure,
1139 1098 1141 1103 ι

205 1109 287 1179 Non
309 1107 381 1192 hic,
404 1112 459 1205 qui
482 1111 517 1180 in
542 1113 688 1208 crepidas
712 1115 882 1183 Graiorum
907 1110 1015 1180 ludere
1038 1109 1160 1205 gestit,

206 1203 389 1284 Sordidus,
412 1205 453 1280 (7
479 1209 563 1294 lusco
591 1210 645 1302 qui
666 1210 768 1299 pojcit
794 1213 920 1290 dicere,
945 1205 1047 1293 lusce,

208 1300 285 1388 Sese
306 1305 445 1400 aliquem
466 1307 618 1388 creden53
646 1306 733 1373 Italo
756 1305 839 1399 quod
864 1307 981 1376 honore
994 1302 1136 1398 supinus

207 1396 356 1493 fregerit
380 1401 520 1470 heminas
540 1400 639 1470 Areti
663 1403 768 1471 aedilis
797 1402 943 1495 iniquas,

207 1496 281 1565 Nec
303 1498 358 1591 qui
379 1497 477 1567 abaco
499 1521 668 1571 numeros,
687 1495 728 1570 Ψ
737 1496 826 1582 stilo
848 1503 882 1567 in
898 1498 1033 1592 pulvere
1057 1516 1158 1569 metae

209 1593 282 1661 Scit
307 1589 397 1682 ristffe
422 1589 541 1681 vafer,
568 1595 702 1664 multum
728 1597 871 1689 gaudere
893 1615 1030 1691 paratus

211 1689 254 1757 Si
281 1686 399 1784 Cynico
420 1690 549 1759 barbam
567 1689 899 1782 petulansNonaria
921 1692 1033 1761 vellat.

212 1784 281 1855 His
303 1807 394 1855 mane
415 1785 567 1869 cliuum,
585 1780 657 1882 poll
677 1788 818 1881 prandio
839 1788 1024 1858 Callirhoen
1046 1788 1098 1859 do.

498 1977 1012 2095 stenholt·

314 2167 405 2250 Une,
431 2172 611 2250 Macrine,
634 2173 717 2244 diem
744 2195 874 2242 numera
898 2170 1026 2242 meliore
1052 2169 1167 2266 lapillo

327 2263 397 2356 Qui
421 2262 489 2334 tibi
503 2267 643 2338 labentes
667 2272 799 2364 apponit
826 2268 981 2345 carrdidus
1004 2293 1115 2337 aureos.

216 2363 325 2431 Punde
352 2386 469 2431 merum
492 2364 613 2446 Genio,
635 2391 699 2435 non
724 2385 758 2433 tu
781 2386 872 2456 prece
896 2365 999 2460 poscis
1022 2363 1124 2435 emaci

215 2456 301 2547 Quae
326 2455 386 2550 nest
399 2457 541 2545 sedullic
564 2485 701 2552 nequeas
728 2465 918 2531 committere
940 2461 1036 2532 divis.

219 2558 268 2622 At
294 2554 374 2623 bona
395 2575 473 2650 pars
492 2574 661 2648 procerum
681 2559 779 2626 tacita
802 2557 912 2626 libabit
935 2578 1056 2625 acerra.

219 2651 321 2720 Haud
332 2652 435 2721 cuivis
440 2669 600 2743 promtum
612 2647 663 2742 esl,
672 2676 872 2747 murmurque
881 2651 1068 2743 humilesque
1069 2646 1216 2735 susurros

218 2745 349 2816 Tollere
373 2752 412 2819 de
433 2749 578 2839 templis,
601 2749 641 2822 (7
665 2768 775 2844 aperto
799 2751 908 2818 viuere
932 2769 1017 2832 voto.
1100 2770 1103 2776 ·

219 2847 318 2911 Mens
332 2841 431 2920 bona,
439 2841 638 2933 fama,fides
648 2889 658 2924 ,
670 2848 737 2916 hac
753 2845 853 2918 clare,
866 2843 905 2915 (7¹
919 2865 953 2913 ut
965 2843 1076 2915 audiat
1088 2839 1217 2935 hospes,

219 2940 286 3007 Illa
302 2935 366 3026 fibi
389 2939 578 3025 introrsum,
594 2941 703 3026 &sub
728 2941 839 3036 lingua
861 2944 1102 3023 immurmurat,
1116 2935 1133 3008 ὸ
1145 2935 1176 3032 st

220 3035 353 3103 Ebullat
374 3039 464 3128 patri
484 3036 675 3128 praeclarum
691 3035 818 3127 furius,
844 3037 909 3116 (J,
935 3063 953 3106 o
969 3037 1000 3130 ft

219 3131 284 3199 Sub
313 3126 409 3220 rastro
431 3151 534 3221 crepet
558 3134 684 3226 argenti
710 3133 788 3203 mihi
804 3133 919 3219 fleria',
942 3135 1051 3204 dextro

220 3227 382 3296 Hercule:
409 3229 605 3323 pupillumve
631 3229 770 3308 utinani,
797 3255 886 3324 quem
909 3233 1073 3325 proximus
1093 3225 1193 3294 haeret

220 3323 373 3413 impello,
400 3346 602 3420 expungam,
626 3348 759 3418 namque
785 3325 825 3418 est
839 3327 1028 3415 scabiosus,
1043 3323 1086 3397 θ’
1110 3319 1177 3389 acii

220 3419 296 3489 Bile
319 3440 430 3489 tumet.
469 3420 574 3491 Nerio
595 3422 663 3509 jam
690 3421 786 3489 tertia
809 3425 957 3494 cortditur
984 3428 1067 3491 uxor

221 3519 302 3586 Haec
317 3513 452 3598 sanili,
471 3538 505 3586 ut
530 3511 665 3610 poscas,
690 3515 852 3607 Tyberino
878 3521 912 3589 in
926 3521 1067 3613 flumine
1090 3510 1207 3607 mergis

221 3604 327 3680 illuni
353 3633 447 3709 eaput
473 3613 541 3693 bis,
563 3631 692 3701 terque,
707 3615 748 3683 (5
770 3615 890 3695 nollem
909 3614 1043 3707 gurgite
1063 3632 1197 3703 purgas.

222 3711 312 3778 Heus
333 3732 416 3804 age,
440 3709 591 3801 responde
618 3704 794 3788 (minimum
817 3705 881 3801 efl,
900 3712 984 3801 quod
998 3704 1084 3790 scire
1098 3702 1223 3792 laboro)

222 3794 276 3875 De'
299 3807 381 3878 Jove
406 3804 482 3899 quid
499 3797 628 3886 senrisl
651 3797 758 3891 eslne,
784 3825 820 3870 ur
838 3821 1027 3898 preponere
1049 3822 1141 3873 cures

223 3902 319 3971 Hunc
343 3899 510 3994 cuiquam?
529 3897 676 3969 cuinam?
693 3897 743 3965 vis
763 3897 875 3969 Staio?
900 3923 942 3970 ort
951 3897 1080 3986 scilicet
1101 3890 1224 3967 haeeesl

221 3995 309 4085 Quis
328 4000 439 4091 potior
456 3998 565 4090 juder
585 3990 734 4090 puerisve
759 3993 829 4159 quis
851 3994 958 4093 lptior
976 3994 1092 4068 orbis?
1154 4086 1194 4158 H

815 4109 836 4180 3
1192 4107 1229 4159 oc
