2859 4709
436 434 440 440 ’
554 448 851 533 ruslsrn.
1129 469 1206 543 203

190 580 339 674 Ipsaque
363 592 425 654 tu,
454 575 592 654 Tellus,
616 574 723 667 ipsum
748 601 826 650 cum
850 573 1007 648 lludiibus
1030 600 1166 669 aequor,

247 673 323 766 lpse
347 697 460 752 meas,
483 675 614 767 ather,
637 675 750 762 accipe
777 673 905 748 summe
932 696 1058 764 preces.
1148 702 1150 707 ¹

192 773 399 866 ¹Sideraque,
422 769 579 842 &radiis
602 770 791 841 circundata
818 770 893 841 solis
918 771 1052 864 imago,
1108 826 1114 845 ,
1230 849 1233 854 ,

242 870 431 961 Lunaque,
454 890 529 957 quaa
556 883 747 956 nunquam,
776 891 843 956 quo
867 867 957 957 prius
982 891 1039 935 ore
1067 864 1180 940 micas.

195 965 350 1059 Noxque
373 960 584 1036 tenebrarum
607 960 713 1054 specie
741 968 920 1034 reverenda
945 981 1103 1042 tuarum,

243 1061 403 1156 Quaeque
427 1080 535 1131 ratum
560 1058 681 1148 triplici
701 1060 823 1149 pollice
843 1061 927 1130 netis
950 1081 1045 1148 opus.

194 1156 338 1250 Quique
360 1181 421 1248 per
445 1158 588 1228 infernas
611 1156 780 1227 horrendo
807 1179 978 1230 murmure
1004 1153 1106 1228 valles

239 1253 473 1347 Imperjuratae
496 1252 639 1335 laberis,
663 1254 790 1331 amnis,
813 1279 931 1345 aquae,

189 1348 356 1442 Quasque
379 1350 490 1422 serunt
517 1366 607 1421 torto
631 1351 752 1438 vittatis
776 1373 886 1446 angue
909 1347 1034 1444 capillis

242 1445 393 1519 Carceris
412 1445 571 1547 ‚obscuras
597 1464 672 1516 ante
697 1445 809 1516 sedere
835 1447 936 1519 fores.

192 1541 883 1636 Vosqunque‚plebssupersim,Fauni‚Sat
911 1535 1198 1634 rique‚Laresque,

239 1639 530 1732 Fulminaque‚&
549 1638 743 1734 Nympha,
758 1570 1008 1735 semiderimque
1026 1634 1150 1731 genus:

190 1733 358 1827 Denique
378 1733 419 1806 ab
441 1736 598 1830 antiquo,
621 1735 712 1812 divi,
732 1736 948 1829 veteresque,
967 1738 1139 1827 novique»

240 1831 286 1900 In
311 1829 455 1905 nostrum
478 1835 589 1905 cundi
613 1849 743 1922 tempus
770 1831 877 1904 adeste
903 1830 998 1900 chao.

191 1926 354 2001 Carmina
375 1931 456 2000 dum
479 1929 577 2021 capiti
599 1927 755 1999 malefido
779 1932 848 2000 dira
870 1944 1053 2004 canuntur,

170 2098 176 2109 ¹
241 2024 286 2093 Et
312 2043 475 2120 peragunt
486 2042 605 2119 ⁴partes
632 2025 677 2096 ira
704 2024 868 2118 dolorque
893 2023 988 2098 suas,

193 2120 343 2192 Annuite
368 2123 489 2212 optatis
513 2144 629 2193 omnes
657 2144 699 2192 ex
728 2123 843 2194 ordine
864 2118 1007 2202 nostris,

241 2219 285 2286 Et
315 2242 388 2308 pars
411 2217 449 2288 srt
473 2220 544 2290 voti
566 2217 652 2290 nulla
678 2221 801 2290 caduca
821 2220 903 2290 mei.
931 2226 934 2234 '

194 2314 351 2406 Quaeque
368 2316 531 2410 (precor)
553 2314 631 2386 fiant
651 2330 687 2384 ut
707 2338 775 2386 non
796 2338 869 2389 mea
889 2309 1072 2391 dieta‚'sed
1092 2310 1146 2384 ille

240 2409 414 2502 Pbsrphaes
436 2413 550 2507 generi
575 2411 675 2483 verba
698 2411 792 2482 fuisse
813 2432 918 2505 putet.

193 2506 352 2597 Quasque
375 2531 443 2602 ego
467 2508 621 2581 transiero
647 2532 784 2599 poenas,
804 2513 943 2599 pariatur
966 2510 1002 2584 &
1029 2508 1121 2586 illas,

241 2605 374 2675 Plenius
392 2606 532 2699 ingenio
554 2604 592 2677 stt
616 2605 714 2675 miser
735 2606 789 2693 ille
814 2633 904 2678 meo.

192 2703 293 2773 Neve
319 2702 432 2773 minus
449 2720 591 2776 noceant
615 2701 732 2774 sisium
750 2705 936 2776 execrantia
963 2723 1088 2770 nomen

239 2797 361 2881 Vota,
380 2798 488 2871 minus
502 2823 652 2895 'magnos
678 2818 959 2875 commoveantve
983 2800 1101 2870 Deos:

190 2894 293 2966 Illum
317 2917 383 2988 ego
405 2897 581 2979 devoveo,
606 2921 707 2990 quem
735 2923 829 2970 mens
851 2897 1024 2992 intelligit,
1048 2893 1149 2968 Ibin,

241 2988 315 3081 Qui
337 2992 371 3061 se
396 2989 453 3062 scit
470 2995 563 3069 fauts
582 2992 654 3066 haec
675 2993 832 3067 meruisse
857 2993 932 3068 i'uis.

192 3088 300 3159 Nulla
320 3111 415 3160 mora
438 3089 486 3161 est
507 3092 542 3161 in
559 3115 809 3186 me‚peragam
831 3110 900 3164 rata
919 3107 998 3163 vota
1023 3086 1196 3168 sacerdon

240 3182 403 3279 Quisquis
426 3189 524 3268 ades,
550 3187 644 3260 sacris
668 3213 727 3259 ore
745 3188 855 3260 favete
876 3189 970 3259 meis.

192 3283 354 3377 Quisquis
378 3285 478 3361 ades,
503 3284 597 3358 sacris
620 3283 774 3380 lugubria
793 3286 891 3364 dicite
914 3282 1040 3364 verba,

239 3380 283 3450 Er
308 3380 393 3451 fletu
419 3382 560 3454 madidis
587 3383 665 3453 Ibin
689 3385 776 3453 adite
800 3385 905 3478 genis.
1034 3463 1041 3476 .

195 3475 428 3570 Omnibusque
450 3480 566 3560 malis,
589 3476 796 3574 pedibusque
823 3477 987 3553 occurrite
1014 3474 1125 3555 laeviss

239 3576 280 3644 Et
304 3576 408 3669 nigrae
431 3575 537 3648 vestes
559 3598 700 3670 corpora
720 3576 825 3648 vestra
849 3593 976 3673 tegant.

195 3665 252 3761 Tu
271 3695 408 3764 qunque
435 3673 515 3762 quid
543 3675 673 3748 dubitas
699 3675 817 3745 ferales
845 3673 975 3747 sumere
998 3664 1123 3738 vittas?

236 3767 312 3847 Jartr
337 3769 394 3840 siat
418 3773 482 3856 (ut
505 3769 574 3862 ipse
597 3772 713 3860 vides)
739 3770 864 3846 funeris
886 3793 940 3843 ara
965 3765 1025 3837 tui.

194 3857 319 3959 Pompa
342 3885 450 3957 parata
476 3867 539 3939 tibi
561 3868 631 3953 est,
654 3870 741 3941 votis
764 3892 859 3941 mora
885 3862 1028 3941 tristibus
1045 3856 1147 3942 absin*

230 3961 291 4045 Da
314 3963 474 4070 jugulum
498 3967 609 4049 cultris
634 3965 737 4049 hostis
761 3968 830 4047 dira
854 3964 950 4053 meis,

1084 4057 1192 4135 Terra
