2859 4709
244 454 317 525 '212
371 505 373 509 ,
473 447 585 518 Pus.
618 449 813 519 Ovrort
850 448 1045 522 Ntsort:

246 571 292 642 Ut
316 571 398 665 jacet
424 572 538 644 Aonio
561 574 699 651 ludiator
726 570 766 646 ab
790 571 920 664 hospite
944 573 1053 656 fusus,

294 671 366 760 Qui
394 666 568 761 (mirum)
590 670 699 740 vidior
724 693 801 741 cum
829 668 1008 757 cecidisset,
1032 676 1113 745 erats‘

245 765 288 835 Et
314 787 398 854 quos
422 767 547 837 Anthei
571 765 673 839 sortes
697 764 837 857 pressere
858 766 994 843 lacerti,
1186 850 1188 857 y

294 859 456 953 Quosque
482 862 560 933 fetu
583 865 682 933 morti
707 864 853 934 Lemnia¹
869 860 963 933 turba
988 863 1090 934 dedit.

245 957 292 1028 Ut
318 961 374 1049 qui
400 959 472 1049 poll
497 960 635 1055 lingum
661 958 738 1028 sac'ri
766 958 962 1029 monstrator
977 959 1089 1054 iniqui

295 1055 416 1128 Elicuit
441 1057 568 1145 pluvias
591 1055 723 1126 vistima
748 1054 846 1126 caesus
872 1077 980 1147 aquas.

247 1151 361 1223 Frater
384 1168 419 1223 ut
443 1152 564 1222 Anthei
590 1176 657 1243 quo
680 1150 837 1247 sanguine
862 1151 975 1223 debuit
1001 1173 1070 1224 aras

296 1249 415 1320 Tinxit
440 1247 476 1319 dt
501 1249 660 1339 exemplis
686 1250 807 1319 occidit
829 1246 895 1339 ipse
922 1246 996 1319 suis.

247 1344 295 1416 Ut
323 1345 378 1436 qui
407 1344 565 1415 terribiles
591 1369 652 1435 pro
681 1347 830 1438 gramine
855 1342 1052 1418 habentibus
1072 1339 1186 1415 herbis

297 1438 425 1531 Impius
448 1439 592 1519 humano
616 1437 740 1511 viscere
764 1441 852 1533 pavit
880 1465 994 1534 equos.

248 1537 296 1608 Ut
320 1540 387 1627 duo
415 1536 546 1608 diversis
570 1536 630 1607 sub
660 1539 780 1608 eodem
804 1538 933 1612 vindice
963 1535 1035 1609 caest

295 1634 547 1725 Temporibus,
572 1628 712 1716 Nessus,
739 1633 981 1728 Diffimanique
1010 1654 1123 1729 gener.

249 1728 295 1798 Ut
321 1752 487 1823 pronepos
509 1733 669 1819 Neptune
693 1747 789 1808 tuus,
810 1755 909 1823 quem
930 1733 1068 1802 reddere
1091 1727 1197 1803 vitatu

297 1824 374 1916 Ipse
402 1827 589 1900 Coronides
610 1825 693 1898 vidit
723 1825 764 1897 ab
792 1826 878 1913 urbe¹
904 1826 968 1899 lua.

250 1923 296 1992 Ut
326 1925 465 2021 Scynis,
485 1920 521 1995 ἃ
540 1921 688 2017 Scyron,
711 1921 747 1995 &
766 1947 843 1993 cum
868 1923 1107 2016 Poliphemonc
1127 1939 1223 1998 natus

301 2022 438 2115 Quique
464 2021 568 2091 homo
589 2035 679 2109 parte
702 2015 772 2098 sui,
799 2039 891 2110 parte
913 2019 1071 2112 juvencus
1096 2038 1174 2091 erat.

251 2118 392 2211 Quique
418 2118 525 2191 trabes
547 2115 666 2208 pretias
690 2112 730 2186 ab
755 2114 860 2189 humo
884 2115 1031 2189 mittebat
1047 2117 1082 2186 in
1106 2139 1225 2205 auras,

301 2215 460 2303 AEquoris
486 2211 629 2303 asperus
652 2210 770 2301 hujus,
794 2211 950 2306 &hujus
974 2235 1082 2307 aquas.

253 2310 409 2407 Quaeque
438 2309 541 2382 Ceres
571 2307 652 2379 vidit
677 2309 753 2379 laeto
778 2309 949 2405 pereuntia
972 2311 1066 2383 vultu

302 2407 453 2497 Corpora
477 2402 617 2476 Thesaea
645 2404 828 2487 Cercionea
857 2430 964 2479 manu.

251 2499 340 2573 Haec
366 2502 424 2572 tibi
448 2525 520 2596 quae
546 2499 699 2593 precibus
724 2501 813 2593 jullis
838 2526 913 2577 mea·
937 2505 1080 2575 devovet
1105 2500 1175 2580 iras

301 2602 485 2679 Evenient,
509 2617 563 2670 aut
590 2598 640 2669 his
664 2622 731 2669 non
754 2599 875 2672 leviora
898 2601 999 2672 malis.

255 2695 374 2786 Qualis
398 2695 641 2767 Achemenides
665 2694 775 2767 Sicula
802 2693 945 2770 desertus
966 2696 999 2766 in
1024 2721 1102 2782 oro,

304 2792 429 2862 Troica
453 2816 556 2884 quum
579 2791 660 2861 vidit
685 2793 759 2862 vela
783 2791 917 2870 venire,
940 2791 1014 2865 suit.

253 2887 298 2958 Et
326 2887 427 2976 qualis
452 2910 581 2958 necnon
603 2885 735 2961 fortuna
762 2884 940 2960 binominis
962 2889 1032 2971 lri,

303 2984 443 3075 Quique
467 2999 578 3054 tenent
602 3004 759 3075 pontem,
784 2985 841 3076 qui
869 2984 927 3056 tibi
945 2983 1058 3077 major
1084 2983 1155 3058 erit.

255 3079 415 3154 Filius&
441 3079 571 3153 Cereris
592 3079 707 3153 frustra
734 3078 793 3153 tibi
816 3078 943 3173 semper
967 3100 1114 3162 ametur,

305 3175 535 3267 Destituatque
562 3195 632 3248 tuas
648 3176 743 3269 saepe
773 3177 894 3266 petitus
921 3202 1009 3271 opes.

257 3268 371 3360 thue
393 3296 451 3363 per
473 3273 612 3344 alternos
632 3277 722 3345 unda
745 3270 870 3344 labente
890 3271 1060 3357 recursus,

307 3367 515 3439 Subtrahitur
540 3366 644 3457 presso
669 3367 777 3440 mollis
802 3393 897 3441 arena
920 3375 1025 3461 pede:

259 3463 313 3537 Sic
337 3485 393 3539 ttta
417 3461 524 3536 nescio
549 3489 622 3555 quar
650 3463 777 3557 semper
798 3466 929 3557 fortuna
952 3463 1131 3558 liquescat,

312 3560 480 3655 Lapsaque
502 3584 561 3652 per
585 3561 708 3634 medias
731 3560 841 3632 effluat
865 3563 966 3655 usque
992 3584 1118 3633 manus.

260 3659 373 3751 thue
398 3678 488 3750 pater
511 3656 611 3728 solitae
635 3661 738 3731 varias
763 3675 889 3730 mutare
914 3657 1062 3753 figuras,

311 3757 429 3829 Plenus
453 3753 628 3826 inextincta
651 3754 824 3825 conficiare
846 3754 945 3825 same.

252 3850 342 3923 Nec
368 3851 458 3943 dapis
481 3848 633 3921 humanae
653 3851 712 3922 tibi
738 3866 833 3921 erunt
856 3850 1001 3936 fastidia,
1027 3874 1158 3947 quaque

313 3947 409 4019 Parte
428 3945 554 4040 potest,
580 3947 720 4044 Tydeus
742 3948 905 4042 temporis
929 3947 1027 4045 hujus
1051 3952 1126 4026 eris.
1145 4042 1194 4116 At

1194 4066 1260 4138 que
