2859 4709
324 843 734 930 D.-MAGNI
785 826 1188 928 AU80N11

483 1031 1040 1160 antenus,

566 1257 747 1344 Ternarii
768 1253 945 1338 Numeri.
980 1295 982 1298 ·

426 1409 1064 1557 'Anaomnttcu'm
1147 1423 1150 1432 “

253 1603 498 1780 ¹AUsonius
524 1615 559 1685 in
594 1611 739 1710 Epistola
768 1615 811 1689 ad
844 1614 1069 1712 Symmachum
1103 1609 1149 1682 fic
1182 1609 1252 1687 ait:

374 1713 447 1781 Fuit
473 1714 576 1783 autem
606 1717 767 1808 ineptiora
797 1714 893 1806 hujus
927 1709 986 1803 ilia
1021 1712 1166 1781 materia.
1212 1716 1253 1783 In

254 1805 476 1900 expeditione,
501 1806 585 1904 quod
610 1812 751 1905 tempus,
778 1821 813 1879 u't
832 1808 922 1897 scis,
940 1808 1076 1879 licentiae
1102 1808 1252 1880 militaris

253 1899 320 1994 estc
343 1903 436 1996 super
463 1907 598 1993 mensam
622 1932 723 1977 meam
735 1903 830 1995 facia
854 1902 893 1998 efl
916 1903 1086 1986 invitatio:
1111 1927 1177 1994 non
1196 1907 1254 1976 itta

252 2001 293 2068 de
318 2000 439 2071 Rubrii
466 2004 635 2081 concivio,
665 2024 701 2073 ut
729 2006 842 2076 Graeco
868 2025 954 2071 more
985 2000 1170 2077 biberetur,
1192 1999 1254 2090 seb

252 2096 312 2168 itta
338 2101 379 2170 de
402 2100 508 2170 Flacci
533 2101 672 2195 ecloga,
707 2100 741 2167 in
767 2125 826 2194 quo
852 2100 980 2193 propior
1007 2095 1141 2167 mediam
1174 2122 1253 2169 noe·

252 2214 339 2271 tem,
367 2192 407 2267 (9·
432 2219 547 2264 novam
579 2199 711 2272 lunam,
736 2195 777 2270 (r
807 2199 960 2266 Murena:
982 2212 1172 2290 auguratum
1201 2216 1252 2266 ter

251 2285 355 2380 nuber
381 2293 511 2387 cyathos
535 2293 689 2361 attonitus
708 2293 792 2387 petit
815 2314 917 2363 vates.
964 2293 1061 2362 Hunc
1082 2290 1184 2358 locum
1210 2293 1252 2362 de

252 2389 392 2454 ternario
419 2409 549 2458 numero
572 2381 658 2458 illicb
682 2385 788 2482 nepita
814 2389 871 2458 ilia
894 2387 1024 2480 poe‘tt'ca
1040 2385 1162 2473 scabies
1190 2411 1252 2457 cte·

153 2499 156 2502 ’
249 2481 300 2577 pit
329 2483 525 2576 exscalperec
570 2487 613 2554 Et
641 2483 749 2573 paulo
764 2481 857 2575 post:
885 2486 1002 2578 Neque
1018 2506 1068 2554 me
1076 2483 1168 2574 fallit
1175 2479 1253 2570 fore

233 2578 396 2670 aliquem
412 2581 466 2674 qui
489 2582 573 2658 hunc
592 2582 703 2674 jocum
733 2578 870 2675 nostrum
903 2581 1008 2652 acutis
1037 2580 1197 2657 naribus,
1210 2576 1251 2652 (⁹⁴

251 2694 401 2768 caperata
417 2675 533 2766 fronte
557 2675 764 2749 condemnet:
784 2697 938 2771 negetque
958 2699 1006 2748 me
1030 2677 1159 2755 omnia,
1185 2698 1252 2769 que

250 2773 295 2838 ad
320 2773 496 2843 ternarium
514 2771 781 2853 &novenarium
796 2796 943 2846 numeros
963 2777 1153 2866 pertinent,
1175 2773 1252 2843 atti·

247 2862 347 2960 giffe:
368 2891 459 2961 quem
483 2893 541 2964 ego
565 2893 674 2943 verum
700 2869 806 2939 dicere
820 2867 972 2958 fatebor,
990 2867 1096 2962 justi,
1114 2867 1248 2963 negabo.

249 2961 382 3058 Quippe
396 2961 429 3055 fi
445 2964 544 3036 bonus
569 2961 631 3054 est,
647 2988 717 3059 qua
738 2963 846 3058 omifi,
876 2989 940 3035 non
956 2967 1054 3036 oblita
1073 2963 1177 3044 mibi,
1188 2965 1251 3048 sed

242 3062 417 3152 praeterita
443 3059 621 3156 exstruet:
650 3061 765 3133 debinc
792 3051 1014 3157 qualiscunque
1041 3044 1105 3153 ιβ,
1130 3061 1250 3154 cogitet

238 3156 351 3242 ,secum
368 3180 461 3252 quam
487 3159 587 3228 multa
609 3157 647 3229 de
672 3158 725 3228 bis
744 3182 807 3228 non
827 3159 1008 3254 reperc'ffet,
1024 3155 1056 3250 fi
1079 3154 1143 3251 ipse
1163 3154 1251 3249 quaess

239 3249 335 3345 stffet.
376 3255 461 3326 Sciat
479 3256 574 3325 etiam
593 3279 641 3324 me
657 3277 712 3324 nee
728 3254 868 3325 omnibus
892 3255 991 3324 erutis
1005 3251 1092 3340 usum
1103 3298 1114 3328 ς
1127 3250 1170 3326 (θ’
1183 3251 1253 3347 qui·

249 3349 377 3439 busdam
399 3350 513 3420 oblatis
528 3350 667 3428 abusum.
694 3347 802 3439 Quam
821 3352 921 3420 multa
937 3350 1021 3420 enim
1037 3349 1076 3419 de
1092 3347 1251 3434 Ternario

238 3445 349 3531 sciens
376 3446 515 3540 neglexi.
569 3446 727 3541 Tempora
765 3443 806 3519 θ’
838 3445 1023 3532 Personas,
1057 3443 1251 3519 Genera&

249 3547 402 3628 Gradu53
423 3565 535 3613 novem
560 3541 726 3612 naturalia
740 3544 872 3622 Metro,
901 3567 970 3612 cum
991 3540 1180 3611 Trimetris:
1201 3560 1250 3609 to-

247 3661 313 3707 tam
325 3639 593 3713 Gemmatum,
618 3639 659 3715 Θ
675 3633 854 3728 Muficam:
880 3635 1036 3733 librosque
1047 3636 1251 3731 Medicinae:

239 3735 314 3815 ,Ter
342 3737 514 3805 maximum
542 3736 702 3814 Hermen,
731 3732 772 3806 &¹
799 3755 971 3806 amatorem
994 3732 1132 3827 primum
1162 3733 1244 3805 Pm-

247 3830 422 3922 losophiae‚
460 3828 676 3926 Varronisque
703 3853 884 3916 numeros,
914 3828 955 3907 (θ’
982 3831 1134 3926 quicquid
1163 3847 1250 3923 pro·

142 3967 145 3971 ·
241 3927 383 4020 phanum
408 3928 526 4022 uulgus
555 3950 619 4000 aon
644 3931 787 4023 ignorat.

1179 4115 1253 4189 Ter
1277 4154 1280 4163 ,
