2859 4709
453 340 866 462 ΙΡοιιιιιι·
1144 404 1191 487 93

234 497 372 586 Natura
389 507 495 602 fieret.
533 509 698 581 Ultimum
723 509 790 582 hoe
813 510 860 582 est
886 514 976 604 quod
1002 510 1194 625 proposuit.

183 606 255 705 qub
274 611 385 682 virtus
402 608 439 681 lic
451 630 502 679 ars
518 631 580 678 nos
597 610 711 688 ducat,
726 606 836 700 qutive
850 634 942 680 error
956 611 991 706 ὃ,
1004 612 1079 682 artis
1093 612 1193 703 igno-

188 707 295 778 rantia.
342 705 456 776 Locu's
469 704 523 782 hic
538 721 631 795 aptus
654 702 701 773 est
725 706 766 774 ad
788 703 1022 778 discutiendam
1041 710 1196 799 quaetlio·

190 826 264 873 nem
278 802 373 873 illam
391 798 532 893 plr'tsne
524 800 694 895 ingenium
720 801 822 872 valeat
838 827 876 870 an
895 828 965 882 ars,
985 828 1082 897 quam
1100 826 1196 894 quar-

190 896 329 970 {tionem
347 900 440 987 prius
461 916 504 967 tet
497 898 593 991 igit,
614 919 676 966 nec
695 894 795 966 solvit.
821 896 892 969 Hic
912 920 1022 972 autern
1045 898 1198 971 disseren-

193 997 271 1066 dum
292 992 342 1066 est
364 999 407 1065 de
427 992 607 1085 praeslantia
632 990 729 1072 artis,
752 993 788 1067 δι
812 996 884 1065 de
873 997 1068 1089 ignorantie
1093 996 1198 1069 malis.

193 1088 415 1183 Respondet
406 1114 538 1183 itaque,
562 1089 638 1160 Nec
655 1106 759 1160 artem
781 1089 846 1161 stne
860 1111 972 1164 natura
986 1135 997 1171 ‚
1011 1117 1073 1162 nec
1098 1114 1196 1164 natu·

195 1212 263 1260 ram
282 1187 388 1259 five
377 1189 573 1294 ingenium·
570 1184 639 1255 stne
662 1186 810 1256 dobirina
831 1189 1006 1281 quicquam
1033 1189 1197 1279 prolicere

196 1282 347 1356 affirmo·
362 1286 462 1356 ambo
476 1281 641 1376 praecipua
653 1280 882 1364 sunt‚&inter
899 1283 930 1357 se
945 1308 1105 1357 connexa
1128 1284 1197 1358 Sed

197 1375 339 1453 liliberb
355 1381 562 1452 sentiendum
583 1377 649 1449 est:
676 1402 735 1470 qur
724 1378 881 1450 student
904 1400 1048 1472 optatam
1071 1399 1197 1453 metam

198 1476 408 1570 consequi,
401 1502 419 1548 a
443 1475 565 1549 teneris
590 1475 778 1568 unguiculis
797 1476 973 1557 industria,
1002 1477 1195 1558 laboribus,

197 1574 321 1682 vigiliis
341 1573 372 1644 se
385 1589 550 1644 macerent
569 1587 709 1663 oportet.
748 1571 839 1642 Nam
858 1571 910 1643 li
901 1600 932 1644 m
946 1574 1098 1689 Olymp”
1077 1600 1115 1646 us
1128 1597 1198 1646 non

198 1668 323 1758 accipit
344 1693 514 1754 coronam,
528 1666 587 1739 nili
605 1692 661 1760 qur
654 1667 784 1738 multa
801 1670 898 1746 tulit,
916 1670 974 1740 nist
992 1697 1048 1763 qur
1038 1670 1110 1741 ab
1128 1669 1198 1761 ipsa

149 1763 339 1851 infantia
355 1764 389 1835 se
407 1764 572 1847 exercuit,
586 1763 643 1833 nist
666 1788 721 1855 qut
713 1762 869 1836 Venere
882 1765 961 1840 &
928 1791 1008 1839 vino
1026 1767 1197 1841 abllinuit.

149 1804 154 1897 l
198 1860 243 1933 Et
261 1858 288 1931 li
275 1880 471 1945 reantores,
492 1879 530 1935 ut
550 1861 581 1931 in
602 1859 728 1956 Pythiis
747 1859 841 1933 ludis
851 1862 1036 1944 excellant,
1053 1888 1120 1932 non
1138 1859 1198 1932 nist

201 1957 353 2049 plurimis
371 1956 538 2032 laboribus
559 1956 595 2031 δι
619 1953 772 2027 industria
789 1959 823 2029 id
846 1953 1073 2051 assequuntur:
1090 1981 1200 2048 quot·

203 2050 272 2125 sum
296 2073 335 2125 tu
358 2052 393 2125 in
411 2076 482 2128 arte
503 2054 658 2127 omnium
679 2053 917 2167 praeclariffima
941 2052 1008 2123 stne
1027 2054 1199 2136 domina,

149 2148 337 2259 labore,
361 2150 504 2235 sudore,
521 2150 575 2221 sed
591 2149 690 2220 solo
681 2152 825 2264 rogenio·
839 2149 875 2224 δι
895 2168 1009 2222 natura
1030 2152 1079 2224 vis
1102 2175 1201 2245 egre·

149 2246 278 2341 gius
305 2246 442 2321 haberis
489 2247 610 2339 Aspice
636 2246 746 2318 rursus
770 2248 828 2340 qui
853 2246 989 2358 ingenio
1016 2249 1118 2323 fretus
1138 2247 1201 2320 tibi

208 2342 304 2415 Po'e'ta
325 2344 472 2427 videris,
499 2362 580 2438 quot
607 2361 640 2413 te
667 2340 838 2435 sequantur
862 2343 1098 2418 incommoda:
1124 2346 1201 2417 Pri·

209 2434 295 2511 mirm
311 2445 483 2550 quoniam·
487 2456 525 2512 tu
541 2438 678 2531 teipsum
698 2439 802 2519 fallis,
825 2465 942 2514 omnes
962 2459 995 2513 te
1020 2441 1201 2530 decipiunt

149 2535 295 2606 Nam
313 2535 375 2608 scis
396 2536 553 2610 comitem
570 2535 741 2606 horridum
755 2535 811 2626 (ut
825 2541 868 2607 ait
884 2536 1030 2627 Perfius)
1050 2539 1130 2608 trita
1143 2539 1201 2608 do·

152 2650 157 2735 j
206 2656 282 2704 narr
296 2634 450 2720 lacerna3
459 2633 527 2723 scis
535 2632 694 2739 spondere
712 2633 778 2704 levi
795 2652 855 2728 pro
869 2653 1011 2730 paupere
1024 2631 1064 2709 (ι
1079 2635 1202 2729 eripere

149 2778 155 2788 ·
206 2730 292 2800 atris
307 2730 438 2814 litibus3
471 2732 591 2801 deinde
616 2727 711 2799 tradis
735 2730 782 2800 illi
808 2732 951 2802 carmina
974 2730 1200 2801 emendanda:

149 2820 164 2869 ’-
206 2824 247 2894 Ει
269 2851 388 2898 verum
408 2827 559 2918 (inquis)
582 2849 678 2897 amo:
700 2849 819 2899 verum
839 2827 919 2898 mihi
943 2827 1042 2898 dicito
1071 2829 1203 2897 deme.

149 2910 167 3025 ςξ
204 2920 265 2993 Ille
285 2922 387 3014 quid?
408 2921 570 2995 Laudabit
593 2920 658 2994 ὅ(
649 2946 682 2991 ιιι
706 2923 833 2995 coelum
855 2924 969 3005 tollet,
986 2925 1101 2997 tundet
1116 2925 1203 3014 pede

149 2988 166 3113 l
204 3034 352 3098 terram,
372 3021 510 3112 denique
521 3016 644 3091 derisor
656 3016 731 3109 plus
745 3045 842 3113 quam
855 3020 1002 3093 laudator
1016 3043 1115 3093 verus
1129 3045 1204 3091 mo.-

204 3134 310 3187 vetur.
350 3114 463 3187 Multb
479 3115 650 3208 sapientius
671 3135 839 3210 magnates
860 3135 982 3212 agunt,
1010 3140 1114 3210 quum
1139 3116 1204 3188 ali-

205 3233 306 3302 quern
323 3211 442 3283 volunt
458 3211 620 3302 probare,
631 3235 670 3282 an
686 3212 722 3280 fit
737 3214 878 3288 amicitia
895 3215 1031 3308 dignus.
1049 3212 1203 3306 torquerit

149 3304 296 3377 enirn
313 3306 422 3379 vino:
436 3308 501 3381 δι’
492 3328 536 3380 ιιι
553 3305 736 3380 interiores
743 3335 859 3382 omnes
879 3312 1095 3404 cogitationes
1115 3311 1264 3380 seru-1

209 3420 341 3475 tantur:
364 3404 455 3492 juxta
477 3407 713 3497 proverbium:
738 3411 778 3477 Iu
797 3409 872 3480 vino
895 3409 1028 3478 veritas
1055 3406 1126 3495 Qui
1148 3407 1207 3472 ad-

155 3497 316 3581 susus
331 3500 436 3573 fastos
448 3526 545 3574 veros
564 3500 689 3596 judices
700 3505 770 3572 vult
784 3503 958 3586 adhibere,
971 3502 1090 3572 similes
1104 3499 1205 3591 eligat

150 3654 157 3709 p
210 3593 397 3685 Quintilio,
414 3599 471 3692 qui
493 3600 584 3668 nullo
600 3595 712 3669 habito
727 3601 939 3691 personarum
961 3597 1180 3688 respeslust
1150 3619 1207 3664 vt·

152 3692 159 3781 l
210 3691 253 3761 tia
273 3691 437 3780 notabat5
464 3720 538 3788 quar
562 3692 586 3763 st
609 3694 787 3766 defendere
816 3693 990 3775 conarere,
1016 3712 1050 3762 te
1075 3687 1208 3761 millum

155 3798 162 3881 j
210 3808 285 3856 cum
304 3790 371 3861 tuis
393 3793 592 3862 carminibus
608 3789 757 3862 faciebat.
781 3794 873 3864 Hinc
891 3809 1015 3880 arrepta
1037 3785 1208 3859 occastone

158 3878 372 3957 rHoratius
401 3884 552 3959 describit
576 3883 672 3956 nobis
699 3913 743 3978 op
746 3888 863 3958 timum
887 3885 1069 3955 carminum
1093 3909 1209 3953 emen-

161 3979 380 4067 datorem,
406 3986 450 4056 Ut
467 3985 554 4059 mala
575 4006 665 4079 quem
677 3983 769 4073 stab.
794 3983 876 4057 Hoc
894 3982 981 4055 aliud
999 3982 1125 4056 malum
1144 3979 1214 4149 esttl

1119 4100 1186 4172 quo
1215 4128 1217 4133 .
