2859 4709
454 343 926 457 sarcarum.
1122 402 1190 476 311

183 501 293 595 pridie
317 505 509 586 fanorum,
530 506 737 598 sepeliendus
762 503 907 581 effertur.

233 601 316 696 Age
339 605 404 698 jam
428 628 564 674 mecum
585 606 722 676 morbos
746 607 847 676 animi
873 601 1048 677 considera.
1086 605 1192 678 Miser

185 693 349 795 (inquit)
373 719 472 796 tange
498 722 619 779 venas,
642 703 677 775 δι
695 727 782 792 pone
809 702 841 772 in
866 703 1001 793 peblore
1031 704 1193 773 dextram.

188 795 237 861 At
267 794 323 868 ille
352 798 431 869 nihil
460 795 607 868 calethic.
633 796 834 869 summitates
857 801 983 891 attinge
1013 821 1193 881 manuum,

188 909 288 978 atque
321 897 457 988 pedum.
484 893 590 966 subdit
616 897 671 966 ille
697 920 764 967 non
788 897 937 989 frigent,
969 913 1048 965 tunc
1078 896 1194 984 philo-

173 983 343 1076 ssopliu5‚
369 1015 473 1085 quum
499 990 606 1062 vidisti
641 997 800 1086 grandem
834 992 968 1062 alterius
993 994 1194 1082 pecuniam:

188 1098 246 1153 aut
264 1111 369 1180 quun-i
394 1089 535 1174 candida,
548 1088 655 1177 puella
680 1089 712 1158 in
736 1090 890 1159 viciniam
914 1087 973 1156 tibi
994 1089 1094 1158 molle
1120 1087 1196 1158 l'ub·

190 1177 285 1266 aibr,
311 1204 384 1256 rum
411 1184 471 1254 tibi
497 1184 721 1273 compostrum
745 1188 791 1256 etl
820 1209 899 1263 cor,
930 1205 984 1256 aut
1009 1187 1071 1255 rite
1103 1183 1196 1257 salit?

192 1277 229 1347 Si
263 1303 344 1353 vero
373 1280 509 1353 exolere
535 1281 618 1352 duro
652 1286 685 1352 in
710 1283 834 1378 frigido
859 1282 966 1351 catino
979 1280 1131 1372 «pomo,
1160 1281 1197 1356 dc

195 1396 240 1444 ex
269 1401 354 1466 pane
381 1377 523 1448 secundo
549 1378 643 1449 ulcus
676 1381 708 1448 in
739 1405 800 1449 ore
826 1380 1054 1450 contraxeris:
1089 1376 1198 1449 [latim

151 1507 156 1518 ·
194 1469 315 1547 clamas
342 1475 535 1555 medicum,
564 1476 620 1565 qui
643 1475 753 1549 fauces
779 1493 904 1559 tentet-⁷,
934 1476 1090 1570 cibosque
1118 1476 1198 1568 litg-

195 1589 291 1660 gerat
319 1592 387 1641 nort
413 1571 580 1665 vulgares.
628 1576 673 1642 At
699 1598 780 1645 vero
808 1598 884 1645 curn
914 1574 1034 1643 timore
1062 1570 1199 1642 horres-

196 1682 277 1735 cunt
302 1668 365 1736 tibi
386 1667 443 1757 pili
466 1692 526 1758 per
553 1668 730 1744 membra,
759 1668 852 1740 albus
876 1669 992 1762 riges,
1023 1670 1059 1740 δι
1085 1688 1199 1741 contra

200 1782 280 1830 cum
307 1763 366 1834 tibi
392 1762 520 1858 sanguis
545 1765 585 1834 ab
613 1768 659 1835 ira
685 1766 859 1849 fervescit,
896 1765 985 1835 oculi
1010 1763 1198 1834 scintillant:

199 1858 284 1930 dicis
310 1861 345 1935 δι
371 1860 449 1932 facis
483 1862 589 1955 qualia
620 1863 755 1934 Orestes
787 1862 936 1942 insanus,
963 1859 1031 1932 sani
1057 1860 1201 1934 hominis

197 1979 267 2028 non
289 1957 355 2030 elle
380 1957 477 2028 dicat.

482 2082 896 2162 -scHoLla

775 2203 785 2213 ,

203 2277 233 2345 p.
250 2275 332 2358 ²79:
439 2253 538 2345 Empe
561 2255 619 2325 hoc
641 2252 786 2345 affiduc.)
811 2255 938 2347 Nempe
959 2253 1105 2328 adverbii
1130 2251 1205 2328 ulus

351 2437 355 2444 Ι
451 2350 556 2419 adbuc
581 2350 671 2420 latuit
690 2351 956 2423 Grammaticos:
981 2371 1094 2441 putant
1115 2352 1204 2421 enirn

205 2444 267 2516 else
290 2447 484 2518 adverbium
509 2446 753 2526 confirmantis,
774 2467 827 2517 aut
850 2451 1053 2538 exponentis.
1078 2449 1208 2539 Dicunt

207 2544 316 2613 enim:
342 2545 425 2617 Trio
436 2545 517 2631 sunt
532 2567 654 2637 genera
677 2543 837 2627 conserunt
857 2563 967 2636 nempe
986 2540 1208 2635 demonstrari-

204 2665 306 2717 vnm,
328 2641 572 2714 deliberativum.
587 2637 809 2712 &Iudiciolo
843 2636 1005 2710 Barbare:
1030 2663 1106 2708 nam
1127 2636 1210 2730 laepe

208 2737 321 2808 Latini
339 2761 415 2808 cum
430 2739 535 2829 aliqua
556 2738 680 2815 ironia,
693 2737 745 2804 vel
759 2733 906 2804 irrifioue
920 2754 1055 2806 utuntur
1068 2735 1132 2805 hoc
1154 2739 1211 2807 ad·

207 2833 337 2902 verbio
377 2835 474 2904 Idem
497 2832 655 2909 fercella
682 2836 772 2924 quud
796 2833 984 2907 Nimirum,
1008 2857 1086 2902 cum
1111 2833 1213 2902 inter·

208 2929 413 3022 rogatione,
437 2949 491 2998 aut
525 2927 589 2998 stne
627 2929 688 2998 illa.
737 2930 810 3001 Cic.
840 2934 869 2998 ll
897 2953 963 3019 quo
997 2926 1210 3000 defenderis?

208 3050 331 3113 nempe
357 3024 398 3097 ab
428 3023 531 3096 hoste.
583 3024 706 3115 Affidui
736 3025 929 3095 dicebamur
957 3027 1038 3095 olim
1072 3027 1215 3106 divites,

211 3121 249 3192 ub
278 3119 340 3216 affe
363 3122 480 3195 dando.
523 3123 619 3192 Unde
644 3126 678 3191 in
703 3124 767 3215 leg.
789 3140 857 3192 xit.
900 3121 1024 3193 Tabul.
1055 3121 1097 3191 stc
1129 3121 1215 3214 legi·

201 3240 306 3290 ntus:
338 3217 488 3308 Affiduus
512 3219 629 3309 offidaro
656 3220 776 3289 vindex
805 3215 877 3310 esto.
904 3236 935 3288 1.
961 3218 1102 3310 locuples
1130 3219 1217 3287 locu*

205 3314 298 3411 pleri.
345 3316 411 3385 Sed
437 3315 512 3417 quia
539 3317 719 3406 locupletes
747 3317 782 3388 δε
814 3313 931 3384 divites
966 3314 998 3383 in
1026 3315 1102 3384 foro
1131 3314 1218 3382 sem·

210 3437 269 3504 per
293 3410 480 3495 adsidebatur
507 3430 542 3481 ut
566 3412 738 3481 clientibus
763 3411 1067 3502 patrocinarentur,
1091 3407 1219 3479 fartum

208 3509 257 3579 est
282 3526 317 3577 ut
349 3532 472 3579 nomen
498 3506 651 3597 Affidttus
682 3531 741 3594 pro
770 3507 847 3602 jugi
862 3547 874 3579 ‚
901 3506 1128 3596 &perpetuo
1160 3528 1223 3579 cae

212 3623 364 3698 peretur,
391 3629 456 3674 uon
483 3603 523 3672 ab
552 3600 750 3692 odfidendo‚
777 3625 812 3672 ut
844 3599 942 3691 aliqui
967 3617 1175 3692 putaverunt.

260 3699 381 3771 findor
403 3721 439 3771 ur
463 3701 657 3788 Arcadiae.)
681 3700 768 3769 Alias
789 3697 953 3768 finditur.
982 3700 1109 3767 Arcud.
1132 3697 1224 3788 quod

216 3797 331 3889 placet.
916 3845 920 3852 ,

266 3896 347 3967 280.
374 3891 559 3988 Respondet
586 3895 732 3991 viridi.)
768 3890 952 3985 adagium.
990 3886 1114 3980 Qualis
1146 3891 1229 3965 vir,

212 3988 296 4075 ralis
325 3992 444 4075 orario.
1112 4008 1114 4012 ’
1204 4005 1208 4014 ·

762 4082 798 4160 V
821 4102 847 4179 4
1143 4079 1230 4153 Mll-¹
