2859 4709
312 395 514 484 brerae
540 410 701 485 Oanis.
743 411 898 485 Libm.
924 415 1059 508 045.
1133 416 1202 515 581

208 528 291 609 mari
313 533 445 616 limile,
471 559 587 607 verum
613 534 705 626 aquis
739 531 850 628 passim
877 534 1141 614 interfluentibus
1168 563 1207 613 ac

208 634 292 723 laepe
316 629 533 726 transgressis,
557 654 682 726 vagum
712 626 988 726 atquediffusum
1018 631 1102 705 facie
1131 661 1208 709 am·

208 733 301 802 nium
321 729 503 822 spargitur,
524 753 588 820 qua
613 729 719 800 littora
740 729 889 823 attingit,
911 730 991 818 ripis
1016 748 1208 805 contentum

208 824 384 897 insularum
399 848 466 895 nou
481 825 582 919 longe
600 822 812 904 dirimimus,
828 824 865 902 δί
883 826 1008 917 ubique
1030 850 1117 917 petre
1137 843 1209 898 tan'-

209 924 371 1003 tundem,
396 938 433 992 ut
457 921 752 1016 angustum&par
770 922 885 1002 freto,
910 923 1111 1017 curvatisque
1135 924 1211 998 sub·

209 1019 286 1088 inde
311 1015 365 1099 se,
390 1016 694 1114 longo.supercilio
718 1013 879 1094 inflexum
906 1016 961 1087 est.
1003 1020 1046 1089 In
1069 1044 1111 1092 eo
1139 1021 1211 1094 sunt

210 1112 431 1211 Cymbri‚&
458 1115 629 1189 Teutoni:
654 1116 736 1190 ultra
762 1115 870 1187 ultimi
896 1116 1090 1189 Germaniae
1119 1117 1212 1194 Her·

211 1233 352 1284 mioues.

494 1318 936 1420 CAPUTiu

482 1489 1006 1601 ΒΗΜΑΤῙΑ.Ι

217 1766 220 1773 .
280 1698 427 1774 Armatia
451 1699 539 1795 int-us
563 1723 663 1792 quam
688 1701 729 1770 ad
753 1721 844 1770 mare
868 1695 987 1779 latior,
1012 1695 1054 1770 ab
1077 1697 1218 1798 iisxquae

297 1795 474 1890 sequuntur
500 1795 616 1870 Visula
641 1820 738 1867 amne
763 1793 924 1873 discreta,
950 1818 1015 1887 qua
1040 1810 1129 1867 retro
1150 1796 1219 1867 abit

217 1892 320 1989 usque
351 1895 391 1965 ad
422 1892 544 1966 Istrum
578 1892 705 1968 flumen
736 1891 954 1962 immittitur:
992 1914 1074 1984 gens
1103 1891 1220 1966 habitu

219 1988 381 2085 armisque
407 1990 566 2061 Parthicae
592 1992 769 2083 proxima,
796 2010 920 2059 vverum
948 2005 986 2058 ut
1013 1988 1094 2058 coeli
1120 1987 1221 2081 alpe'·

213 2089 335 2168 rioris,
361 2089 405 2157 ita
428 2087 578 2180 ingenii,
603 2111 671 2158 non
696 2085 727 2158 se
753 2083 892 2159 urbibus
914 2102 1026 2166 tenet,
1042 2080 1079 2156 ἃ
1097 2108 1140 2155 ne
1158 2085 1222 2158 lla·

218 2186 260 2256 tis
285 2185 420 2276 quidem
445 2181 595 2266 sedibus,
620 2202 655 2256 ut
678 2180 859 2255 invitavere
882 2176 1020 2272 pabula,
1043 2197 1079 2251 ut
1102 2184 1223 2258 cedens

217 2280 256 2356 ὃ(
277 2280 413 2375 sequeus
436 2277 535 2351 hostis
557 2281 685 2375 eligit,
709 2280 758 2350 ita
778 2301 833 2355 res
859 2275 1005 2371 opesque
1025 2272 1135 2348 secum
1158 2299 1223 2350 trar

219 2376 323 2463 heus,
346 2376 475 2468 semper
499 2372 598 2450 castra
620 2377 766 2453 habitat,
791 2372 962 2458 bellatrix,
984 2371 1108 2458 libera,
1126 2377 1224 2448 indo·

215 2475 323 2550 mita,
338 2473 375 2548 &
389 2471 493 2565 usque*
511 2497 553 2542 eo
574 2473 727 2545 immanis
750 2491 847 2565 atque
872 2489 989 2551 atrox,
1014 2488 1052 2540 ut
1072 2469 1225 2547 foeminae

220 2573 321 2641 etiam
346 2592 424 2640 cum
448 2569 527 2643 viris
548 2566 633 2643 bella
653 2571 783 2642 ineant:
809 2587 908 2659 atque
932 2585 968 2639 ut
990 2563 1114 2639 habiles
1138 2568 1226 2648 lint,

222 2667 305 2736 natis
324 2663 430 2739 statim
456 2665 567 2743 dextra
591 2669 737 2742 aduritur
760 2687 930 2745 mamma,
954 2680 990 2742 ut
1018 2663 1094 2732 inde
1122 2689 1227 2755 expe.

222 2761 290 2831 dita
311 2757 344 2830 in
366 2761 449 2832 illus
467 2784 589 2842 manu,
615 2787 689 2856 quae
706 2765 875 2857 egeritur,
891 2761 985 2835 virile
1009 2756 1065 2828 liat
1087 2761 1226 2850 pefilus:

222 2879 314 2930 arci·
335 2857 491 2939 tendere,
506 2861 675 2949 equitare,
694 2859 826 2935 venari,
840 2855 996 2946 puellaria
1012 2854 1109 2943 pensa
1131 2855 1226 2928 sunt:

223 2952 322 3026 ferire
344 2951 472 3027 hollem
497 2954 681 3029 adultarum
703 2955 900 3046 stipendium
918 2952 983 3032 est,
1000 2953 1084 3025 adeo
1104 2971 1229 3031 utnon

223 3049 439 3164 petrusim,
467 3073 530 3143 pro
557 3051 687 3149 flagitio
719 3051 899 3130 habeatur,
925 3048 1028 3148 sitque
1054 3050 1101 3121 eis
1128 3069 1230 3140 poena

224 3163 407 3238 virginitas.

436 3264 941 3391 rcaeurv.

388 3432 449 3545 J
531 3445 934 3537 Scrrurm

231 3626 360 3804 INde
385 3626 472 3706 Aliae
496 3627 998 3724 confinia‚nis1ubiperpetuae
1019 3626 1160 3726 hyemes
1184 3625 1236 3701 fes

300 3730 398 3808 dent,
424 3724 462 3801 &
488 3724 702 3798 intolerabilis
729 3729 843 3822 rigor,
868 3724 1016 3824 Scythici
1042 3725 1161 3820 populi
1185 3726 1237 3801 iu·

230 3824 370 3902 colunt,
394 3818 466 3894 fere
491 3844 607 3896 omnes
631 3825 731 3894 etiam
759 3827 792 3897 iu
819 3846 926 3897 unum
950 3824 1045 3917 Sagae
1073 3819 1238 3913 appellati.

229 3920 272 3997 In
288 3916 431 3990 Asiatico
448 3919 556 3993 littore
572 3917 670 4011 primi
684 3918 902 4014 Hyperborei
926 3918 1025 4010 super
1046 3921 1239 4010 aquilonem

232 4012 480 4109 Rhiphaeolime
510 4034 640 4090 montes
669 4013 729 4092 sub
752 4013 833 4191 ἰὸίζ
849 4013 1014 4210 &lerum
1038 4011 1260 4164 mrim&
