2859 4709
503 387 781 464 ECLOGA
841 390 913 467 Vl.
1147 394 1219 494 167

207 529 254 605 Ut
275 521 383 600 Linus
411 522 480 597 ltaec
505 522 575 605 iili,
598 523 713 597 divino
739 527 880 596 carmine
908 519 1041 621 pastor}

207 624 387 705 Floribus,
409 641 505 716 atque
530 621 603 717 apio
626 623 729 693 crines
753 644 888 707 ornatus
912 642 1047 701 arctato,

209 721 365 802 Dixerit,
385 722 456 793 Hos
480 716 540 787 tibi
562 721 641 789 dant
666 718 804 790 calamos
828 720 891 806 (en
913 713 1048 808 accipe)
1069 716 1201 806 Musa,

210 819 346 908 Ascraeo
368 812 449 912 q'uos
474 837 549 886 ante
564 811 662 900 seni,
691 815 808 910 quibus
831 814 888 888 ille
907 813 1037 900 solebat

212 917 385 987 Cantando
404 909 530 1008 rigidas
546 911 701 983 deducere
723 910 882 982 montibus
902 934 1011 983 ornos.

212 1013 279 1085 urs:
303 1010 366 1081 ribi
389 1009 523 1082 Grunaei
546 1010 695 1079 memoris
719 1010 847 1080 dicatur
869 1007 990 1102 origo:

212 1111 267 1182 Ne
292 1108 367 1201 quis
386 1102 431 1200 fir
456 1105 575 1184 lucus,
598 1129 661 1199 qao
677 1103 719 1193 se
737 1106 813 1201 plus
829 1103 934 1199 jallet
964 1101 1096 1198 Apollo.

213 1203 305 1296 Quid
318 1205 446 1298 loquar,
456 1221 513 1271 aut
524 1202 667 1276 Scullam
682 1201 774 1295 Nep,
786 1222 841 1274 aur
851 1223 944 1297 quam
951 1199 1046 1292 sama
1052 1198 1166 1286 secuta
1179 1198 1245 1297 ιβ’

214 1302 367 1376 Candida
375 1294 575 1388 succinstam
592 1300 788 1370 latrantibus
809 1298 944 1394 inguina
967 1294 1113 1393 morfirit
1219 1294 1222 1299 ⁵

214 1397 396 1487 Dulichias,
414 1389 542 1487 vexasse
561 1416 671 1476 rates,
688 1393 729 1468 (7
744 1396 877 1491 gurgite
895 1394 928 1466 in
948 1395 1017 1465 aleo

214 1497 297 1566 Ant
321 1494 452 1564 timidos
474 1510 593 1562 nautas
617 1490 749 1564 canibus
770 1488 918 1585 lacerasse
938 1491 1098 1577 marinis,

214 1594 289 1662 Aut
314 1611 349 1660 ut
373 1607 512 1659 mutatos
537 1587 634 1659 Terei
658 1588 841 1668 narraverit
865 1609 976 1670 artus,

219 1685 320 1775 Quas
347 1684 397 1754 illi
418 1683 597 1758 Philomela
620 1682 739 1779 dapes,
762 1706 833 1780 quat
857 1686 942 1757 dona
958 1683 1110 1783 pararit,

218 1781 300 1872 Quo
325 1777 415 1868 cursu
436 1780 561 1867 deserta
582 1781 753 1876 petiverit,
780 1778 820 1853 (θ’
833 1780 958 1875 quihus
981 1794 1055 1854 ante

216 1873 343 1966 Infelix
356 1875 421 1965 sua
445 1875 530 1948 recta
546 1876 834 1972 supervolitaverit
858 1878 946 1957 alls,

218 1974 361 2057 Omnia,
383 1998 453 2066 quae
479 1973 596 2046 Plato
622 1979 780 2069 quondam
802 1972 998 2050 meditante,
1017 1972 1130 2044 beatus

219 2072 341 2142 Audiit
369 2068 700 2165 Eurotas‚‘juffitque
727 2073 863 2142 educere
885 2069 1015 2148 lauros,

219 2168 280 2237 Ille
305 2169 415 2240 canit:
439 2164 538 2260 pulsa
564 2164 705 2257 reserum
731 2169 776 2237 ad
790 2163 902 2261 sdera
926 2163 1048 2237 valles:

222 2265 346 2356 Cogere
372 2267 472 2336 donet
492 2285 567 2333 oves
581 2259 748 2355 stabulis,
771 2283 997 2356 numerumque
1023 2255 1143 2350 referre

201 2358 336 2463 diffie,
357 2358 398 2437 (ν
421 2357 524 2430 invito
540 2359 687 2454 processe
714 2359 839 2458 Vesper
865 2360 999 2461 olympo.
1021 2441 1025 2451 ⁸

482 2534 810 2610 ECLOGA
858 2533 966 2610 Vll.

413 2667 723 2748 Conopon,
769 2669 1049 2742 Touana·

230 2826 259 2897 F
266 2820 415 2894 ORTE
433 2821 495 2909 sub
523 2843 639 2918 arguta
661 2825 847 2911 consederat
873 2823 946 2895 ilice
973 2819 1147 2917 Daphnis:

229 2920 498 3014 contuleruntque
513 2943 628 3015 greges
646 2920 796 2993 Corudon
817 2919 859 2994 (ἵ
882 2919 1014 3013 Thurfic
1036 2921 1070 2988 in
1092 2926 1209 3000 utrum,⁴

229 3011 364 3107 Thurss
387 3040 488 3091 oves,
511 3017 661 3088 Corudon
685 3014 837 3108 dislenras
857 3017 940 3089 laide
966 3015 1127 3112 capellas,

229 3112 337 3182 Ambo
351 3113 509 3208 florentes
530 3114 697 3194 acoribus,
719 3114 866 3184 Arcades
889 3112 999 3198 ambo,

229 3213 272 3280 Et
299 3231 431 3279 cantare
450 3227 574 3302 pares,
600 3209 641 3285 (θ’
667 3211 852 3306 respondere
895 3211 990 3281 arati.
1040 3286 1043 3291 ,

232 3307 308 3378 Huc
336 3305 435 3381 miti,
461 3305 535 3377 dum
558 3324 684 3377 teneras
708 3305 843 3396 defendo
862 3333 882 3375 a
898 3302 1027 3399 frigore
1049 3327 1199 3378 murras,

233 3403 298 3476 Vir
310 3402 424 3496 gregis
439 3401 501 3496 ipse
518 3422 611 3496 caper
630 3403 855 3475 deerraverat:
874 3424 969 3496 atque
984 3427 1044 3499 ego
1057 3399 1215 3495 Daphnin

232 3498 367 3592 Aspim
392 3498 446 3567 ille
470 3499 525 3569 ubi
543 3521 591 3569 me
615 3521 728 3572 contra
751 3501 860 3578 videt,
883 3500 990 3579 ocius,
1013 3497 1140 3591 inquit,

235 3596 311 3664 Huc
337 3593 437 3674 ades,
465 3594 680 3669 oMeliloe:
703 3616 796 3692 caper
824 3595 883 3666 tibi
896 3593 1036 3682 salvus,
1059 3592 1099 3664 (7
1124 3585 1217 3661 toda

235 3694 302 3769 Ec,
321 3688 354 3785 fi
399 3690 455 3760 uid
479 3692 591 3782 cesare
611 3713 721 3788 potes,
746 3689 904 3786 requiesce
923 3687 986 3774 sub
1009 3687 1130 3759 umbra.

236 3790 311 3859 Huc
337 3714 396 3881 ips
419 3807 531 3883 porum
550 3792 679 3860 venient
700 3807 759 3881 per
785 3807 882 3884 prata
897 3783 1057 3874 juvenci:

235 3884 302 3955 Hic
329 3885 468 3965 viridis,
494 3909 605 3957 tenera
624 3884 777 3979 praetexit
798 3877 955 3953 arundine
979 3881 1069 3976 ripas

233 3980 405 4068 Mincius,
426 3979 506 4081 e'que
519 3979 630 4081 sacro,
644 3979 790 4074 resonant
819 3976 973 4070 examina
993 3999 1120 4074 quercu.

753 4075 784 4151 L
810 4095 835 4171 4
895 4102 903 4109 ·
1151 4063 1247 4161 Quid
