2859 4709
253 459 326 549 308
458 436 529 526 11³«
578 454 749 526 Aunr
800 419 1055 526 Paresrr

254 583 290 651 O
313 573 430 656 miser,
451 575 575 657 miter,
601 574 637 649 &
661 577 788 648 indies
810 577 894 649 ultra
920 577 1144 668 miserrimus,
1168 571 1256 648 lurc-

253 677 327 746 cine
352 698 462 746 rerum
487 673 660 746 venimus?
688 696 746 743 cur
769 673 836 743 non
864 676 974 764 potius
1002 670 1114 744 similis
1139 688 1257 744 tenero

252 770 435 862 palumbo,
451 769 485 841 ὅ(
502 792 621 861 regum
646 769 756 859 pueris
777 771 1027 841 minutiffimum
1055 768 1170 840 cibum
1196 791 1266 860 ρε·1

252 867 295 940 ris
321 867 356 940 ὅ(
382 867 481 937 iratus
503 864 622 934 nutrici
648 865 704 934 seu
723 889 879 949 mammae
898 865 1023 937 recusas
1045 863 1191 935 lauare?
1214 887 1253 932 att

252 963 316 1034 tale
331 956 476 1055 ¹(inquit)
492 959 638 1030 studeam
655 960 807 1031 calamos
836 961 893 1031 Ne
909 961 1053 1032 ssudeas:
1080 959 1134 1030 cui
1152 957 1254 1031 verba

251 1078 402 1149 reputas
426 1058 524 1128 dare?
543 1056 597 1127 cui
621 1054 690 1128 islas
710 1057 867 1150 ambages
889 1057 997 1129 canisi
1017 1053 1078 1124 tibi
1106 1055 1252 1129 luditur:

253 1154 362 1228 effluis
389 1175 522 1223 amens:
553 1172 589 1222 tu
612 1158 831 1222 contemneris
853 1150 1140 1243 quemadmodum
1168 1152 1252 1225 male

252 1251 349 1320 sosia
376 1248 482 1318 fidelia
516 1273 559 1317 ex
585 1249 682 1318 viridi
708 1249 788 1318 limo
821 1246 910 1317 sonat
940 1247 1058 1322 vitium
1088 1248 1252 1338 pertusa,

250 1341 468 1436 maligneque
491 1343 686 1434 respondet,
709 1365 746 1415 tu
762 1368 849 1415 nunc
872 1343 961 1415 velut
980 1346 1086 1416 udum
1102 1343 1138 1417 ὅ(
1153 1347 1251 1417 molle

252 1439 362 1512 lutum
387 1462 441 1521 es,
463 1463 550 1508 nunc
573 1465 659 1512 nunc
684 1441 928 1530 pruperandus‚
944 1440 980 1512 δι
1003 1441 1069 1510 acri
1093 1459 1168 1511 rota
1190 1441 1251 1512 sine

252 1534 321 1605 dine
337 1535 523 1627 fingendus.
560 1537 624 1606 Sed
642 1539 729 1606 dices
745 1560 788 1606 ex
806 1559 882 1607 rure
898 1555 1033 1626 paterno
1049 1535 1108 1607 tibi
1125 1535 1191 1608 'esse
1208 1538 1252 1609 sar

252 1632 446 1712 modicum,
462 1654 606 1720 purum,
620 1631 655 1705 si<
671 1631 807 1703 salinum
821 1655 968 1724 purum,
983 1631 1018 1704 ὅ(
1036 1633 1190 1723 patellam
1206 1632 1252 1705 se·

252 1751 368 1798 turam
387 1729 428 1797 ad
449 1725 564 1798 focum
590 1731 788 1818 proprium,
813 1729 890 1820 quid
914 1730 1070 1802 timeam?
1092 1728 1160 1800 hoc
1186 1729 1253 1803 satis

253 1821 317 1893 esse
336 1824 452 1914 putas?
469 1847 509 1895 an
525 1824 600 1894 ideo
621 1821 768 1914 superbis
782 1824 1024 1915 &pulmonem
1041 1827 1148 1897 ventis
1166 1851 1254 1898 rum·

252 1921 304 2008 pis
321 1922 411 2010 quod
434 1918 646 1993 millesimum
670 1943 801 1991 ramum
826 1921 919 1992 ducis
940 1920 981 1992 ab
1003 1919 1120 1992 Tusco·
1145 1923 1253 1994 Stem-

252 2034 362 2085 mate:
381 2015 455 2095 vel,
473 2018 563 2108 quod
579 2013 743 2086 trabeatus
765 2017 813 2086 tui
834 2018 964 2110 generis
981 2015 1152 2088 censorem
1173 2019 1255 2092 salu·

253 2109 323 2182 tas?
344 2113 384 2180 ad
404 2112 567 2201 populum
587 2111 753 2199 phaleras:
773 2136 839 2204 ego
856 2132 889 2181 te
909 2109 1136 2184 intus&soris
1154 2116 1254 2201 novi,

252 2230 314 2276 nec
331 2206 412 2275 mihi
426 2205 529 2276 ‘verba
554 2207 654 2280 dubis.
695 2210 778 2278 Non
794 2210 895 2299 pudet
918 2228 950 2277 te
973 2210 1016 2277 ad
1038 2216 1170 2281 morem
1185 2209 1252 2282 dis·

253 2302 330 2371 cieri
348 2303 514 2392 &perditi
533 2304 645 2374 Nattae
665 2306 787 2374 vivere.
814 2305 879 2373 Sed
896 2305 935 2373 de
953 2307 1053 2376 Natta
1077 2305 1144 2396 jam
1165 2305 1252 2379 nulla

250 2396 325 2488 spes
346 2397 410 2468 esi:
430 2415 467 2468 tu
491 2400 612 2488 poteris
635 2403 675 2468 ad
697 2400 819 2472 bonam
841 2400 973 2494 frugem
1000 2402 1174 2493 revocari3
1199 2404 1252 2474 ille

251 2494 343 2585 enim
374 2494 439 2586 jam
465 2493 571 2583 sluper
602 2495 722 2567 vitioso
749 2493 892 2574 lubitu,
918 2496 954 2570 ἃ
978 2515 1091 2568 venter
1114 2500 1252 2593 pinguis

253 2587 440 2664 subsocavit
465 2590 573 2662 cordis
599 2590 718 2671 fibras,
743 2595 778 2666 sa
804 2609 939 2683 propter
960 2590 1122 2664 summam
1144 2596 1252 2690 igno·

165 2743 168 2749 .
251 2689 390 2759 tantiam
411 2685 511 2756 nescit
537 2688 615 2778 quid
640 2692 752 2778 perdat
779 2709 877 2777 atque
894 2688 970 2759 ideo
993 2711 1080 2760 caret
1099 2690 1197 2783 culpa
1215 2691 1252 2766 &

251 2783 289 2851 in
319 2783 379 2852 alta
408 2785 566 2877 voragine
599 2784 768 2854 demersus
794 2783 901 2853 nullas
932 2785 1049 2854 emittit
1083 2786 1188 2860 bullas
1217 2788 1251 2859 in

252 2876 416 2950 summam
445 2884 577 2951 [indam.
622 2882 657 2951 O
683 2879 832 2970 supreme
856 2881 969 2950 divum
995 2882 1156 2972 Jupiter,
1181 2885 1252 2956 noli

252 2973 392 3045 obsecro
416 2973 473 3045 alia
499 2980 625 3047 ratione
646 2973 746 3046 servos
771 2995 926 3067 tqrannos
951 2981 1068 3064 punire
1092 2979 1192 3068 (cutn
1211 2981 1250 3049 li·

251 3069 365 3143 bidine
389 3070 608 3144 incenduntur
637 3073 789 3142 serviendi
813 3070 848 3142 ἃ
868 3073 1038 3166 ingenium
1059 3073 1250 3149 acuunr‘ad

248 3152 451 3257 irindidlar‘n)
477 3190 575 3256 quam
608 3167 630 3237 st
656 3167 803 3238 ostendas
827 3166 888 3238 illis
914 3169 1069 3259 virtutem
1092 3195 1159 3264 qua
1188 3198 1247 3246 re·

251 3262 328 3334 lisia
352 3264 500 3334 maximo
533 3262 579 3332 illi
603 3264 737 3355 ilupore
762 3282 958 3336 teneantur:
998 3290 1038 3336 an
1070 3291 1112 3339 ne
1142 3270 1250 3365 magis

250 3358 363 3440 relidla
379 3359 500 3431 virtute
520 3380 692 3451 gemerent
712 3361 745 3428 in
768 3378 861 3432 tauro
877 3385 969 3432 aneo
982 3363 1094 3433 Siculo
1113 3366 1250 3449 inclusi,

184 3456 187 3462 ’
250 3454 421 3547 magisque
445 3458 654 3530 terrebuntur
677 3455 700 3545 sr
720 3456 852 3550 gladius
875 3483 918 3530 ex
939 3458 1145 3550 laquearibus
1165 3487 1247 3555 pen·

249 3554 332 3646 dens
359 3549 543 3623 cervicibus
566 3551 775 3623 immineret:
796 3553 900 3646 ‘quiam
924 3578 1002 3625 cum
1030 3554 1162 3629 sibimet
1192 3558 1248 3630 di·

250 3666 355 3718 cunt:
382 3649 491 3719 adium
520 3647 590 3719 esi:
617 3650 703 3721 imus
726 3652 933 3742 precipites:
958 3649 994 3724 ὃ(
1016 3651 1245 3745 intuspalleat

249 3743 365 3854 infelix
390 3742 489 3837 quod'
504 3767 580 3816 cum
602 3744 755 3840 proxima
784 3769 890 3819 uxore
918 3767 1059 3841 nequeat
1088 3773 1248 3826 commu-

239 3862 368 3919 fmcare.

298 3935 395 4004 Pueri
409 3937 554 4014 nesciunt
576 3941 654 4032 quid
670 3942 828 4034 perdant,
847 3939 924 4014 ideo
950 3939 1011 4013 illis
1026 3943 1133 4038 magis
1150 3944 1249 4040 igno·

245 4025 423 4117 scendum,
445 4061 545 4133 quam
572 4024 641 4113 tibi.
659 4035 845 4121 Memini,
871 4062 975 4134 quum
1002 4038 1099 4114 essem
1125 4065 1250 4133 parvu-

248 4156 249 4160 ’
499 4141 501 4146 ’
940 4138 943 4143 ’
1169 4139 1249 4214 sus»

1212 4274 1223 4309 Ι
