2859 4709
250 431 323 514 '440
598 421 907 494 Sanoartt'

248 544 452 636 grinatetur‚
475 546 692 641 aPolyphate
712 548 775 620 fuit
792 547 933 639 hospitio
951 544 1130 638 susceptus.
1168 543 1248 633 Quu'

247 638 445 714 laetificante
468 646 565 716 draco
590 642 730 733 erepsit,
754 644 952 737 servumque
974 641 1171 739 Polyphatis
1193 645 1244 709 de·

247 740 385 808 voravit.
427 741 625 848 Polyphates
647 743 825 813 draconem
846 742 985 814 occidit:
1008 740 1156 811 occisum
1173 737 1247 806 Me·

245 829 376 927 lampus
403 835 561 927 sepeliit,
595 837 731 930 ejusque
757 839 842 911 filios
872 840 986 920 fovit,
1017 840 1054 912 8<
1081 832 1247 908 enutrivit·

173 972 174 978 κ
246 930 306 1000 Ob
329 935 420 1026 quod
443 933 599 1007 meritum
623 934 773 1006 draconis
794 936 877 1027 pulli
900 935 1130 1028 Melampodis
1155 951 1245 1012 aures

243 1025 407 1121 lingentes
432 1031 640 1102 divinationis
663 1052 767 1102 artem
793 1034 838 1103 illi
866 1030 1070 1124 inspirarent.
1124 1031 1244 1118 Neque

243 1120 285 1191 id.
301 1146 453 1204 tantum,
478 1126 532 1198 sed
557 1149 593 1200 ut
618 1129 791 1208 volucres,
808 1129 845 1202 δι
863 1151 980 1200 caeteta
1003 1128 1155 1201 animalia
1172 1119 1244 1218 pol·

242 1215 290 1289 set
305 1224 517 1318 intelligere,
543 1225 679 1316 accepit.
718 1225 793 1296 Fuit
817 1225 875 1296 illo
897 1226 1102 1317 intempore
1127 1219 1242 1316 (quod

243 1339 288 1386 ex
311 1318 459 1390 Homeri
488 1321 601 1416 Odyffi
621 1321 860 1416 intelligimus)
886 1322 987 1417 Tyrb
1012 1322 1182 1394 Salmonei
1207 1318 1245 1389 fi·

241 1411 304 1492 lia,
333 1440 406 1505 quae
431 1443 474 1491 ex
498 1420 663 1509 Neptuno
682 1421 809 1511 peperit
832 1419 1003 1494 Neleumt
1028 1421 1064 1494 bt
1084 1418 1239 1492 Peliam:

239 1505 298 1578 sed
323 1536 426 1603 quum
451 1517 585 1610 gravida
610 1513 686 1588 ellet
715 1515 848 1611 fugiens
872 1525 1000 1606 patrem
1024 1519 1064 1588 ad
1092 1537 1243 1588 avuncu-

238 1603 311 1677 lum
337 1611 532 1685 Deioneum
558 1613 708 1708 confugit
725 1612 824 1705 aqui
847 1612 936 1684 illam
965 1611 1058 1682 fratri
1092 1610 1243 1689 Cretheu

236 1699 361 1777 locavit
387 1734 550 1779 uxorem:
575 1733 617 1784 ex
642 1706 764 1803 quibus
784 1707 850 1780 nati
873 1709 943 1781 sunt
966 1709 1097 1794 AEson‚
1118 1708 1241 1781 Phere-

195 1851 197 1854 <
236 1812 313 1882 test
340 1805 575 1899 &Mythaon
622 1806 782 1877 Deioneo
807 1830 910 1899 nepos
935 1807 1087 1898 Iphiclus
1109 1805 1176 1878 fuit
1200 1829 1241 1877 ex

236 1897 407 1994 Phylaco‚
426 1904 463 1991 ὃς
483 1904 654 2000 Clymine.
693 1903 765 1974 Hic
787 1901 842 1974 ille
863 1904 925 1974 fuit
950 1902 1102 1996 Iphiclus
1121 1904 1179 1990 (ut
1197 1903 1238 1974 ait

237 1996 419 2089 Orpheus,
441 1999 604 2072 referente
630 2001 770 2081 Joanne'
783 2000 935 2090 Tzetze)
963 2001 1020 2092 qui
1035 1997 1163 2099 figeris
1181 2020 1236 2096 pet

226 2093 351 2183 summa
376 2096 508 2169 volabat
529 2097 710 2178 Gramina,
742 2120 800 2187 nec
828 2118 952 2168 teneras
966 2097 1072 2184 ‘cursu
1104 2098 1235 2170 laedebat

159 2276 161 2281 Ι
233 2189 358 2283 arillae.
400 2192 455 2264 Ab
482 2194 545 2266 hoc
568 2195 695 2264 Neleus
715 2191 803 2264 bona
824 2196 935 2265 matris
957 2192 1020 2266 litae
1042 2191 1161 2290 Tyrhs
1186 2218 1232 2265 re·

232 2289 386 2378 petebat:
403 2313 476 2382 quae
500 2313 605 2383 quum
627 2291 682 2360 ille
700 2309 857 2383 negaret,
877 2290 1007 2362 Neleus
1026 2290 1130 2362 filiam
1152 2289 1228 2362 Petb

232 2384 488 2456 venustiffimam
512 2389 636 2458 nemini
660 2410 801 2459 uxorem
822 2388 899 2457 date
917 2384 1070 2469 volebat,
1094 2387 1231 2466 nihilh,

231 2485 289 2577 qui
313 2478 417 2555 boves
437 2483 556 2575 Iphicli
584 2483 829 2556 sibidetulillet.
871 2487 977 2574 Quod
1004 2510 1111 2576 quum
1135 2507 1231 2555 nemo

229 2583 390 2662 auderet,
423 2581 496 2652 Bias
520 2582 774 2673 Melampodem
800 2581 934 2652 fratrem
960 2582 1000 2652 ad
1033 2601 1160 2653 tantum
1185 2583 1230 2651 fa·

228 2679 324 2749 cinus
349 2677 520 2752 excitavit:
545 2679 673 2752 amabat
700 2677 789 2750 enim
812 2676 1031 2749 ardentiffime
1059 2682 1229 2750 Petonem.

227 2775 421 2866 Melampus
443 2779 477 2845 in
501 2777 605 2847 fratris
630 2776 770 2869 gratiam
794 2776 918 2868 aliquid
942 2779 1134 2848 audendum
1158 2775 1230 2848 exi·

226 2870 392 2950 stimant,
413 2873 518 2944 'etiam
545 2871 568 2943 st
594 2871 828 2945 vaticinabatur
856 2873 977 2967 aliquid
1002 2875 1086 2944 mali.
1130 2873 1232 2944 Tan·

225 2969 304 3042 dem
331 2972 364 3038 in
387 2969 478 3041 farto
501 2968 722 3061 deprehensus
743 2971 784 3040 ad
810 2969 980 3059 Iphiclum
1007 2967 1232 3062 apastortbns

225 3069 405 3156 perduchis
431 3069 466 3137 in
494 3091 661 3139 carcerem
686 3065 733 3138 est
762 3068 962 3162 conjedlus:
995 3069 1123 3160 datique
1156 3066 1230 3139 sunt

225 3163 258 3231 ei
279 3164 429 3236 custodes
452 3163 503 3235 vir
519 3165 554 3238 dt
569 3188 676 3242 uxor,
702 3165 760 3256 qui
782 3163 997 3236 ministrarent
1024 3164 1078 3237 illi.
1118 3164 1162 3235 Et
1181 3165 1230 3236 vic

223 3262 361 3350 quidem
387 3284 576 3333 reverenter
600 3286 678 3333 eum
704 3260 845 3339 habuit,
870 3285 957 3334 uxor
983 3261 1065 3334 verb
1100 3260 1229 3332 lacella·

222 3352 281 3427 bat
304 3358 502 3449 opprobriis.
545 3363 665 3450 Quum
684 3359 749 3451 jam
775 3352 846 3430 fer⁸e
868 3382 970 3431 annus
991 3355 1092 3443 effet,
1108 3359 1231 3430 audivit

222 3456 423 3526 vermiculos
447 3457 530 3527 inter
555 3457 587 3527 se
609 3457 836 3549 colloquentes
855 3459 896 3526 de
920 3454 1065 3528 trabibus
1091 3454 1228 3541 carceris

220 3548 287 3640 jam
310 3553 465 3627 corrosis:
493 3556 582 3626 unde
606 3554 771 3626 divinabat
798 3555 864 3623 cito
890 3551 1036 3625 casuram
1073 3555 1227 3626 domum.

218 3648 373 3724 Audiens
399 3652 499 3745 igitur
526 3651 608 3730 hoc,
633 3670 669 3722 ut
695 3651 729 3723 se
749 3651 783 3720 in
808 3649 909 3739 aliurn
933 3649 1047 3723 locum
1073 3649 1227 3722 transfer·

216 3766 289 3825 rent
316 3747 509 3839 imperabat.
550 3744 638 3830 Jolla
664 3747 808 3821 iaciunt:
833 3749 883 3820 vir
908 3767 1030 3840 caput,
1053 3770 1143 3819 uxor
1166 3770 1227 3838 ap·

215 3843 391 3932 prehendit
413 3847 531 3936 pedes:
557 3844 615 3919 virt
638 3843 724 3917 bene
742 3845 792 3915 vir
812 3846 955 3925 exierat,
983 3868 1088 3939 quum
1117 3860 1226 3916 totum

213 3941 280 4009 ruit
304 3943 503 4025 aedificium,
536 3942 722 4034 occiditque
748 3964 901 4013 uxorem.
950 3943 1015 4017 Vir
1041 3941 1107 4014 hoc
1134 3963 1226 4013 nun·

212 4033 312 4113 cievit
340 4037 508 4138 Phylace,
535 4040 699 4136 Phylacus
722 4037 884 4135 Iphiclo,
909 4039 1051 4122 veniunt
1073 4039 1115 4212 atil
1141 4039 1225 4110 Me·

1091 4157 1221 4228 ,ὃῙΠΡΟἹ
