2859 4709
260 439 309 515 42
468 408 1086 519 -Pnnunox'onIIL

258 567 364 619 autern
391 546 559 628 maxima,
588 547 629 623 (ν’
658 547 810 625 dicuntur
831 568 893 642 per
923 542 1160 644 Antiphrafin:
1190 550 1287 641 nam*¹

259 669 384 716 manum
408 643 551 726 bonum,
582 649 665 716 uncle
696 669 790 715 mone
812 648 957 718 nictum:
984 666 1020 716 ut
1045 645 1289 723 Eumenides&-

258 742 400 820 Pmcas,
428 741 567 820 bellum,
587 743 701 813 lucum.
742 741 816 812 Alii
842 747 963 813 Manes
990 743 1111 812 ducunt
1137 736 1159 810 d
1190 766 1264 812 mo·

257 841 386 922 nancl03
401 862 474 907 nam
496 838 659 909 animabus
676 839 772 932 plena
783 838 863 926 sunt
888 838 992 910 omnia
1013 841 1096 907 inter
1117 837 1263 908 lunarem

258 934 413 1013 circulum
433 932 473 1008 (θ’
492 958 630 1011 tetram,
652 940 736 1005 unde
756 939 913 1031 defluunt.
953 935 1029 1004 Alii
1045 937 1170 1003 Manes
1189 933 1265 1005 tleo's

258 1029 433 1120 infernales
451 1051 578 1125 putant.
613 1031 785 1102 Hellenos
800 1034 943 1104 Servius.
968 1028 1176 1124 Augustinus
1191 1031 1265 1103 Da·
1288 1076 1295 1097 .

259 1125 334 1198 thus
357 1124 374 1196 b
396 1129 515 1207 nariam
534 1129 656 1200 Graece
677 1128 822 1199 diblione
843 1153 917 1220 quae
936 1125 1085 1197 furorem
1109 1142 1164 1197 aut
1184 1125 1284 1203 insu.

258 1225 348 1293 niam
371 1222 530 1316 fignificat
557 1223 711 1305 deducit,
733 1245 769 1295 ut
794 1222 812 1294 ὲ
833 1250 929 1310 μινυς
955 1223 998 1292 ait
1020 1221 1108 1303 enim
1129 1218 1295 1295 manant

258 1338 406 1390 nontam
425 1324 582 1413 aquatum
600 1318 777 1406 fluentium
794 1321 893 1411 qubm
908 1321 993 1391 Solis
1005 1320 1181 1410 proprium
1202 1316 1266 1393 elle
1293 1380 1295 1409 2

257 1419 292 1497 in
319 1414 505 1489 emittendis
530 1415 647 1488 radiis:
673 1418 762 1486 unde
789 1442 882 1489 mane
905 1415 1070 1509 originem
1099 1413 1283 1501 sumfisse,'

255 1515 351 1606 quod
366 1513 399 1580 io
415 1537 452 1586 ea
469 1516 533 1585 diei
556 1512 635 1585 hora
656 1511 712 1582 Sol
730 1537 861 1585 manate
877 1515 1028 1606 incipiat:
1050 1510 1173 1582 stc-ille.
1199 1510 1265 1585 Sed

158 1656 160 1661 -
258 1601 362 1703 longit
381 1609 474 1680 aliter
497 1610 528 1681 se
552 1633 603 1680 tes
617 1607 727 1680 habet.
751 1608 861 1682 Varro
889 1612 943 1681 De
966 1611 1080 1703 lingua
1102 1609 1264 1683 Lat.An·
1293 1654 1295 1675 2

255 1708 341 1800 tiqui
365 1705 461 1795 (ait)
483 1707 595 1780 bonum
614 1705 762 1776 dicebant
784 1731 920 1779 manum.
962 1705 1096 1778 Nonius
1119 1704 1263 1789 Marcel-

248 1803 333 1881 lus,
360 1805 500 1875 Manum
534 1801 697 1895 (inquit)
732 1803 851 1875 dicitur
879 1803 1030 1886 clarum,
1054 1801 1136 1872 unde
1168 1804 1276 1874 eticint·¹

251 1915 350 1972 mnne
369 1895 443 1994 pasl·
459 1901 607 1971 tenebras
632 1896 735 1970 noblis
757 1897 822 1970 diei
838 1919 917 1995 pars
935 1901 1062 1996 prima:
1088 1897 1162 1968 inde
1185 1900 1266 1970 Ma·

250 2016 330 2067 stuta
352 2019 421 2090 quae
435 1991 543 2070 Graeci
560 1997 701 2065 Aeneaden.
740 1996 832 2065 Nam
849 1996 922 2068 inde
943 1999 1057 2068 volunt
1073 1995 1168 2064 etiam
1189 1998 1266 2069 deos
1290 2030 1295 2039 ·

254 2117 366 2173 manes
389 2094 570 2189 appellari,
595 2095 631 2164 id
656 2087 719 2182 est,
749 2090 847 2163 bonos
874 2119 911 2164 ac
932 2094 1108 2188 prosperos.
1136 2091 1295 2175 Festus]

257 2190 463 2280 Ροιηρεὶιιε,
490 2184 821 2279 Manarefl(inqnit)
843 2191 969 2284 antiqui
996 2187 1170 2264 dicebant,
1197 2184 1295 2261 ciem

148 2330 152 2335 .
258 2286 348 2357 Solis
372 2284 505 2356 orientis
521 2285 608 2356 radii
622 2280 828 2378 splendorem
838 2288 948 2378 jacere
966 2287 1136 2382 coepiffents
1157 2280 1178 2354 d
1202 2308 1266 2379 quo

256 2378 301 2454 (⁹⁴
326 2379 443 2452 dillurn
467 2382 622 2475 putabant
648 2406 749 2452 mane.
788 2383 863 2450 Alii
891 2383 1009 2453 nillum
1034 2405 1125 2452 nenne
1149 2392 1292 2476 putant*

258 2476 300 2546 ab
322 2501 359 2547 eo
382 2474 465 2573 qubd
490 2503 617 2549 martum
642 2477 755 2549 bonurn
783 2478 951 2549 dicebant:
978 2478 1149 2568 &paullo
1173 2475 1284 2570 pbst:¹

258 2574 365 2644 Mane
388 2571 408 2644 d
430 2574 671 2646 diis'Manibus
697 2573 872 2658 dixerunt3
900 2600 974 2646 nam
994 2598 1088 2645 mana
1112 2573 1196 2646 bona
1216 2572 1279 2644 di:

259 2669 365 2740 citur:
391 2671 474 2741 unde
495 2671 538 2746 (θ’
566 2691 667 2742 mater
687 2675 843 2754 Matuta,
868 2669 909 2743 (⁷
933 2692 1026 2763 poma
1051 2693 1180 2740 matura
1196 2715 1208 2752 ‚
1227 2666 1270 2743 &l

149 2783 154 2800 ¹
258 2758 367 2847 rursus
387 2789 517 2836 matrem
539 2772 702 2840 Matutam
716 2768 847 2861 *antiqui
864 2767 902 2836 ob
923 2767 1099 2837 bonitatem
1115 2766 1265 2864 appella·
1287 2804 1295 2815 ··

234 2938 236 2943 y
259 2859 355 2939 bant,
373 2861 413 2936 (9·
429 2885 587 2936 maturum
614 2864 759 2934 idoneum
782 2865 865 2951 esui,
892 2861 933 2937 (θ’
962 2888 1053 2935 mane
1072 2865 1271 2961 principium

258 2955 341 3039 diei,
359 2957 400 3032 (J
418 2957 515 3048 inferi
537 2963 584 3032 dii
608 2979 742 3046 mants3
757 2983 792 3031 ut
805 2961 995 3056 suppliciter
1017 2962 1169 3054 appellati
1188 2960 1270 3031 bono

258 3052 360 3146 fient.
402 3054 508 3126 Vides
529 3055 681 3136 Festum,
707 3075 841 3148 propter
870 3057 1025 3128 codicum
1052 3056 1269 3148 depravatio-

258 3173 359 3229 nem,
380 3147 439 3219 fibi
462 3176 529 3220 non
550 3152 715 3224 constare:
735 3151 954 3224 vnihilominus
981 3169 1091 3223 tamen
1115 3152 1272 3225 elicimus

259 3269 303 3315 ex
328 3247 383 3316 illo
415 3252 533 3319 Manes
571 3247 744 3319 imannm
771 3250 863 3339 quod
893 3248 938 3319 est
972 3247 1100 3320 bonum
1137 3248 1272 3321 deduci.

258 3345 373 3414 Acron
396 3349 428 3417 in
450 3347 657 3430 Horatium,
679 3348 740 3417 Dii
761 3351 904 3426 Manes,
920 3346 968 3416 dii
992 3347 1066 3417 boni
1094 3343 1115 3416 d
1142 3369 1271 3416 manum

252 3445 344 3534 quod
362 3441 401 3539 est
420 3446 554 3523 bonum,
573 3444 698 3539 antiqui
715 3444 856 3514 animum
873 3437 894 3512 ci
912 3463 1044 3539 corpore
1050 3428 1286 3540 separabant‚‘

257 3561 379 3608 manens
405 3542 496 3613 deum
524 3539 762 3632 nuncupabant.
802 3538 888 3610 Haec
909 3541 975 3613 itte.
1002 3540 1113 3612 Cicer.
1140 3561 1173 3615 z.
1204 3539 1271 3633 leg.

258 3634 403 3708 Deorum
424 3640 578 3708 Manium
589 3644 668 3732 jura
684 3635 801 3724 santia
817 3637 924 3721 sunto.
973 3637 1038 3708 Sed
1064 3637 1170 3708 nullus
1192 3632 1273 3704 cilet

256 3727 376 3804 finisst
406 3761 480 3828 quae
507 3738 548 3805 de
575 3736 756 3817 manibus,
790 3732 991 3814 lemuribus,
1020 3753 1116 3827 atque
1146 3731 1272 3803 laribus

258 3822 329 3898 sunt
344 3829 499 3923 disputata
523 3835 540 3900 it
557 3834 713 3913 Platone,
735 3831 888 3911 plotino,
904 3832 1120 3926 porphyrio,
1138 3829 1273 3905 Pleno,

172 3936 174 3940 ’
257 3921 403 4007 Proeto,
420 3928 592 4018 Apuleio,
613 3954 715 4000 coner
740 3927 773 3997 in
798 3929 947 3998 medinm
965 3925 1091 3999 afferre.
1105 3952 1183 3998 nam
1198 3923 1273 3995 nul·

258 4015 307 4092 lus
330 4022 399 4098 feri
423 4048 500 4096 cum
528 4026 632 4100 altero
653 4026 820 4101 convenit.
858 4025 970 4101 Divus
995 4024 1138 4121 August.
1169 4022 1225 4094 lib.
1236 4043 1271 4111 9.

1198 4135 1271 4212 cap.
