2859 4709
255 392 329 543 313
462 449 539 551 In¹
581 451 757 521 Aunr
805 392 1054 519 Paneas

255 573 375 647 nes&
404 568 494 643 senes
522 572 623 663 petite
655 596 697 645 ex
729 570 792 642 hac
825 590 952 665 certum
982 572 1084 643 finem
1115 569 1251 651 animo,

256 669 294 742 dt
319 669 432 740 viatica
458 670 499 737 ad
529 668 729 740 seneclutem
763 667 913 740 miseram
945 671 1066 762 alioqui
1100 665 1252 741 suturam.

256 764 328 836 Hic
361 765 445 836 mihi
475 762 516 834 fic
556 765 703 856 loquitur
739 765 998 856 procrastinatur.
1043 764 1163 836 Hodie
1191 787 1253 834 vo·

255 860 436 951 luptatibus
462 861 663 955 indulgebo:
703 885 772 932 cras
798 881 909 935 autem
933 860 1150 954 philosophiae
1181 857 1249 929 llu-

254 959 317 1028 diis
345 957 536 1028 incumbere
559 958 723 1047 incipiam.
767 953 836 1031 Cui
860 982 947 1053 ego:
975 961 1065 1029 idem
1089 978 1160 1027 cras
1186 952 1249 1025 fiet.

254 1054 318 1124 Ille
335 1054 460 1127 rursus:
483 1053 576 1143 Quid
601 1051 666 1123 ais?
684 1051 771 1145 quast
787 1079 946 1147 magnum
962 1054 1108 1148 aliquid,
1133 1074 1248 1144 nempe

255 1152 345 1219 diem
370 1149 492 1220 donas?
527 1149 595 1221 Cui
622 1151 771 1222 dicebam
798 1175 882 1245 ego:
910 1155 976 1221 Sed
996 1174 1100 1244 quum
1124 1149 1183 1219 lux
1204 1148 1248 1219 al·

254 1262 323 1317 tera
350 1252 459 1324 venit,
486 1245 552 1338 jam
583 1244 815 1317 consumsimus
841 1268 909 1318 cras
937 1247 1146 1317 hesternum:
1175 1267 1247 1314 ecce
1292 1244 1293 1253 ’

254 1342 342 1418 aliud
370 1366 438 1413 cras
466 1361 602 1411 evacuat
631 1340 693 1422 hos
724 1366 825 1414 annos
851 1346 928 1416 vitae
954 1341 1096 1423 nostras,
1128 1342 1165 1417 δι
1193 1339 1248 1411 etit

253 1437 359 1525 ultra,
385 1436 575 1526 dislabitque
603 1437 728 1529 semper
760 1440 994 1530 aliquantulum
1022 1463 1039 1510 a
1067 1437 1182 1517 nobis,
1209 1438 1246 1507 ita
1285 1462 1287 1467 ·

254 1549 291 1609 ut
320 1557 484 1628 nunquam
516 1536 708 1627 contingere
742 1537 910 1627 possimus.
958 1537 1050 1606 Nam
1080 1532 1248 1604 sedlab'erit

255 1627 371 1703 frustra
397 1627 551 1700 canthum
578 1651 759 1703 vertentem
789 1630 875 1713 sele,
898 1634 1048 1723 'quamvis
1072 1655 1180 1722 prope
1202 1648 1247 1708 te,

252 1726 404 1821 quamvis
431 1725 488 1796 sub
514 1751 581 1798 uno
608 1748 743 1798 temone
769 1732 996 1801 concurrendo
1015 1727 1056 1798 sis
1082 1749 1156 1799 rota
1181 1721 1252 1817 pos·¹

253 1824 377 1902 terior,
401 1820 438 1896 ὃ(
462 1822 495 1891 in
517 1847 579 1894 axe
604 1822 757 1896 secundo.
801 1828 899 1918 Opus
925 1824 971 1895 est
994 1824 1164 1896 libertate:
1187 1844 1246 1893 nott

228 1919 315 1992 'hac
343 1943 403 2010 per
432 1943 530 2011 quam
558 1921 692 2015 quisque
727 1918 799 2011 poll
830 1947 928 2015 quarn
961 1919 1080 1991 servire
1109 1919 1248 1996 destitit,
1291 1924 1293 1997 ξ

253 2034 389 2108 accepto
418 2014 525 2088 Publii
550 2019 775 2107 praenomine,
796 2019 935 2111 possidet
952 2017 1081 2092 Velina·
1103 2015 1247 2086 tesserula

254 2111 435 2186 scabiosum
460 2115 531 2195 sar,
555 2110 608 2182 sed
637 2117 736 2186 animi
764 2114 924 2186 libertate.
955 2114 1039 2187 Heu
1061 2114 1166 2207 ignari
1194 2136 1248 2183 ve·

254 2212 376 2287 rinus,
402 2209 521 2301 quibus
550 2233 614 2281 una
639 2212 770 2307 vertigo
796 2212 874 2282 facit
899 2210 1007 2281 civem
1033 2209 1246 2282 Romanum!

252 2301 324 2378 Hic
354 2309 462 2378 Dama
489 2302 535 2374 ett
562 2308 659 2400 agaso
684 2334 751 2380 non
776 2310 876 2378 trium
908 2307 1047 2385 allium,
1081 2325 1247 2401 nugator,

254 2402 291 2475 &
320 2403 450 2495 lippus,
477 2400 512 2472 dc
535 2406 678 2474 mendax
705 2406 738 2473 in
762 2427 799 2473 re
825 2403 969 2474 minima.
1014 2403 1048 2472 Si
1077 2405 1246 2475 Dominus

255 2496 485 2593 circumegerit
505 2495 613 2580 hunc,
635 2501 743 2570 evadit
770 2518 943 2569 momento
962 2497 1136 2592 vertiginis
1163 2501 1250 2572 Mat·

255 2619 313 2666 cus
329 2598 448 2669 Dama.
491 2597 606 2685 Papae,
628 2614 663 2668 tu
685 2595 811 2668 recusas
834 2599 966 2667 credere
984 2596 1053 2666 aliis
1073 2619 1248 2673 nummos,

242 2693 375 2764 Marco
403 2692 433 2761 se
459 2690 648 2782 sponsorem
674 2691 924 2783 interponente?
949 2690 1069 2782 palles,
1093 2692 1131 2765 da
1157 2692 1249 2772 times

254 2786 313 2860 sub
343 2789 462 2859 Marco
490 2787 599 2880 judice
625 2789 716 2859 causa
747 2809 800 2861 tua
820 2789 1007 2881 pendentes
1035 2785 1128 2857 Etsi
1155 2786 1250 2861 Mar·

254 2906 312 2957 cus
337 2885 442 2956 dixit:
468 2885 509 2954 ita
536 2885 600 2954 est:
623 2902 658 2958 tu
681 2909 748 2956 non
774 2884 895 2957 habens
918 2883 1026 2957 verbis
1046 2884 1118 2973 ejus
1145 2883 1249 2955 fidem

163 3051 166 3057 ,
254 2980 451 3072 respondes:
477 2978 594 3053 Marce
618 2982 747 3077 assigna
764 2982 946 3062 Tabellas,
980 2979 1016 3051 ὅ(
1050 2984 1134 3049 doce
1164 2979 1250 3053 illud

254 3076 298 3148 ita
327 3076 400 3147 elle.
445 3075 532 3147 Haec
559 3076 604 3148 est
631 3104 720 3149 mera
746 3078 896 3149 libertas:
923 3078 1009 3168 pilea
1035 3078 1159 3169 donant
1188 3103 1249 3148 rto·

253 3172 304 3246 bis
329 3172 422 3245 hanc.
460 3175 524 3263 Ant
540 3171 709 3267 quisquam
732 3175 811 3246 alius
836 3173 920 3244 liber
948 3172 1013 3251 est,
1039 3173 1097 3243 nifi
1127 3177 1174 3257 is,
1197 3171 1250 3246 cui

228 3272 328 3364 ¹licet
353 3269 466 3342 vivere
493 3287 528 3340 ut
560 3271 660 3344 vult?
709 3271 804 3342 Licet
828 3288 938 3342 autem
966 3268 1047 3340 mihi
1074 3273 1249 3343 viverent

253 3368 359 3446 volo,
384 3391 450 3437 non
478 3365 581 3460 igitur
606 3366 676 3438 sum
701 3366 840 3454 ‚liberior
864 3365 990 3440 Bruto?
1032 3367 1168 3440 Stoicus
1194 3368 1247 3439 ha·

253 3465 334 3537 bens
356 3487 469 3536 aurem
498 3464 599 3533 lotam
624 3465 772 3536 mordaci
800 3480 919 3539 aceto,
946 3463 1098 3553 beneque
1125 3488 1247 3559 purga·

252 3579 348 3640 tam,
371 3586 409 3635 ac
432 3560 613 3642 eruditam,
639 3563 744 3654 inquit
768 3578 870 3641 tunc,
895 3554 971 3630 false
997 3564 1247 3651 argumentaris.

253 3660 408 3734 Admitto
439 3656 510 3728 haec
534 3656 686 3747 reliqua,
713 3682 780 3727 non
807 3658 944 3730 admitto
972 3656 1057 3729 illud
1079 3662 1173 3752 quod
1198 3657 1248 3729 iu·

252 3759 325 3851 quis
353 3757 429 3829 licet
455 3771 491 3825 ut
511 3753 592 3824 volo
611 3755 749 3833 vivere,
771 3755 863 3827 inslat
887 3753 952 3824 ille.
989 3752 1169 3849 Postquam
1194 3777 1250 3826 me

252 3853 395 3930 liberum
424 3849 565 3925 vindieta
589 3870 708 3941 praetor
732 3850 839 3931 fecit,
865 3874 922 3922 cur
948 3849 1031 3920 mihi
1059 3874 1128 3924 nou
1155 3851 1250 3925 liceat

251 3949 358 4026 facere
382 3951 604 4045 quodcunque
632 3949 796 4027 voluero,
827 3946 879 4019 his
903 3950 1068 4041 exceptis,
1098 3973 1175 4041 quae
1201 3951 1248 4021 le·

220 4046 223 4051 ’
249 4077 311 4148 ges
335 4050 471 4121 monent
499 4067 568 4115 non
590 4043 653 4116 else
679 4041 838 4117 facienda.
881 4041 982 4117 Disce
1008 4070 1081 4140 quae
1104 4043 1145 4116 stt
1171 4070 1248 4120 vera

1147 4141 1249 4221 liben-
