2859 4709
524 344 846 463 Poanien
1109 392 1156 489 m

207 510 269 582 'nou
285 504 384 601 polse
397 506 526 581 dicebat
538 513 690 586 Roscius.
714 511 945 586 Nihilominus
959 525 1068 588 tamen
1086 516 1155 584 uti-

212 601 338 678 liffimas
351 608 597 680 admonitiones
612 609 746 682 Horatii
759 612 941 682 audiamus.
967 612 1075 682 Prima
1089 609 1155 681 est:

210 695 288 772 liris
301 702 386 775 alios
397 706 449 774 'ad
461 703 635 788 laetitiam,
658 707 830 786 dolorem,
847 709 952 783 iram,
970 705 1154 777 misericor-

212 794 318 878 diam,
342 797 380 871 &
407 802 448 870 ad
473 798 553 872 alios
576 800 766 890 hujusmodi
789 799 923 872 effestus
944 799 1154 892 pertrahere:

211 891 347 983 teipsum
363 897 455 984 prius
471 893 585 967 iisdem
608 922 721 968 move.
756 898 838 968 Hoc
858 914 1061 987 praeceptum
1086 919 1155 966 nnn

210 987 311 1068 minus
327 994 369 1062 ad
386 994 522 1064 Poiitam
539 991 666 1083 ipsum,
680 994 735 1085 qui
751 993 878 1071 scribit,
891 990 991 1084 quim
1008 993 1049 1061 ad
1063 992 1155 1061 asio-

210 1104 254 1152 res
266 1082 333 1156 five
351 1087 525 1159 histriones
539 1089 688 1179 pertinet.
715 1089 812 1160 Unde
829 1087 971 1180 legimus
988 1085 1154 1178 AEsopum

209 1175 295 1251 illum
320 1182 493 1254 celebrem
516 1182 707 1256 histrionem
733 1210 837 1276 quum
858 1186 1000 1256 Atreum
1016 1200 1153 1277 ageret,

208 1272 247 1345 ita
261 1274 308 1349 ira
327 1278 559 1360 excanduisse,
575 1300 610 1352 ut
628 1279 754 1372 sceptro
771 1276 953 1372 perculsum
967 1278 1152 1350 minillrum

205 1366 416 1445 interfecerit.
442 1374 526 1446 Hoc
541 1373 600 1446 libi
610 1396 813 1467 pracceptum
822 1373 902 1448 salsi>
914 1375 1029 1447 tribuit
1039 1374 1151 1465 Quin-

205 1466 357 1550 tilianus,
375 1488 413 1542 ut
432 1473 576 1543 diximus
592 1497 693 1564 quum
710 1477 750 1543 de
772 1475 908 1566 epilogo
922 1473 1064 1567 egimus.
1088 1472 1151 1541 Se-¹

205 1566 314 1636 cunda
335 1568 533 1657 admonitio:
554 1567 727 1639 Intuendae
748 1565 819 1638 sunt
837 1567 981 1662 personae
1002 1567 1149 1660 dignita-

206 1672 281 1736 tes,
293 1680 333 1730 ut
347 1660 451 1734 servus
462 1706 474 1743 ,
487 1663 660 1733 dominus:
677 1681 805 1744 aetates,
816 1684 852 1735 ut
866 1663 983 1742 senex,
999 1663 1148 1758 juvenis:

210 1747 372 1838 sexus,ut
387 1776 527 1828 matrona
537 1761 687 1837 ,nutrirat
703 1757 810 1830 officia
820 1779 874 1838 ,ut
889 1779 1064 1836 mercator,
1077 1780 1148 1827 ara-

208 1866 282 1920 tor:
292 1853 498 1936 nationes,ut
509 1853 674 1938 Colchus,
690 1851 855 1948 Assyrius:
867 1853 1148 1945 patriae‚utThe·

206 1944 333 2033 banus,
347 1948 503 2044 Argivus.
530 1950 564 2022 Si
582 1947 661 2020 verb
677 1972 802 2042 quaeras
816 1952 989 2042 quomodo
1002 1951 1035 2016 in
1048 1948 1097 2017 his
1115 1964 1150 2018 te
1228 1990 1230 1995 ·

206 2040 326 2116 debeas
343 2069 483 2140 gerere,
507 2047 626 2136 quidve
650 2045 862 2116 faciendum:
889 2043 1061 2137 postquam
1076 2040 1153 2111 haec

209 2138 486 2221 consideraveris,
505 2140 570 2232 ipse
590 2140 649 2210 tibi
672 2141 868 2214 demonstrat
887 2140 1069 2215 Horatius,
1094 2136 1153 2228 qui

206 2256 275 2306 non
299 2234 411 2310 solum
437 2238 516 2330 quid
540 2237 748 2318 faciendum,
770 2238 824 2308 sed
839 2238 1023 2332 ,quomodo
1042 2235 1074 2305 id
1093 2233 1152 2307 fiat

207 2329 360 2402 ostendit.
389 2332 588 2415 Considera,
604 2336 758 2424 inquam,
774 2335 916 2424 epitheta
931 2357 1004 2425 quae
1018 2333 1052 2402 in
1066 2354 1151 2422 praa-

207 2429 360 2518 cipiendo
378 2427 549 2521 apposuit,
565 2428 762 2523 &regulam
778 2432 912 2501 habebis
924 2429 1061 2500 brevem
1075 2425 1151 2515 qui-

206 2523 282 2592 dem
294 2525 405 2608 illam,
418 2525 471 2594 sed
484 2526 594 2617 magni
608 2527 779 2595 momenti.
804 2531 933 2603 Senex,
949 2524 1075 2613 inquit,
1091 2523 1151 2588 de-

205 2620 393 2713 pingendus
415 2620 459 2691 est
481 2645 644 2698 moturus,
664 2621 791 2714 juvenis
808 2622 982 2712 fervidus,
998 2634 1148 2708 matrona

204 2716 456 2806 potens,sednla
470 2715 599 2795 nutrix,
611 2716 679 2788 (70.
692 2718 808 2788 Tertia
822 2716 973 2804 ptaeclara
987 2712 1022 2785 δι
1037 2711 1055 2784 it
1068 2736 1148 2801 pau-

205 2811 252 2880 cis
267 2812 428 2884 intellena
442 2814 634 2883 admonitio.
671 2815 741 2882 Aut
765 2811 875 2882 scribis
890 2835 941 2882 res
954 2829 1045 2880 notas
1057 2811 1092 2881 lit
1105 2807 1147 2879 ab

204 2906 274 2978 aliis
297 2907 494 2988 celebratas,
525 2929 578 2979 aut
595 2932 715 2978 novam
730 2907 909 2980 &invisam
931 2906 1041 2996 arripis
1066 2902 1147 2974 scri·

205 3000 308 3072 bendi
322 3005 504 3075 materiam.
530 3005 564 3074 Si
583 3021 692 3073 notam
711 3028 781 3072 rem
801 3002 931 3081 scribis,
951 3003 1072 3072 famam
1089 2999 1145 3069 se-

206 3121 333 3189 quere:
355 3099 527 3169 nonenim
549 3099 660 3168 licebit
674 3097 735 3168 tibi
750 3097 864 3171 lisama
887 3094 1067 3169 discederes
1088 3117 1148 3166 nec

206 3195 475 3289 Polyphemum,
497 3211 551 3265 aut
573 3195 762 3276 Achillem,
781 3197 873 3267 aliter
894 3193 993 3288 quim
1015 3191 1055 3261 ab
1067 3191 1149 3263 Ho-

205 3313 302 3360 mero
317 3291 560 3384 depinguntur,
575 3291 622 3360 fas
640 3292 700 3360 erit
716 3290 776 3358 tibi
791 3292 988 3384 depingere:
1002 3289 1150 3360 neeMe·

206 3389 302 3456 deam
316 3386 373 3457 nisr
388 3387 535 3456 ferocem
548 3386 584 3457 δι
602 3386 757 3456 invidam
770 3433 780 3470 ‚
793 3387 857 3458 &e
874 3386 919 3456 fin
935 3405 1045 3458 autem
1063 3407 1149 3452 nova

205 3480 341 3559 scribis,
360 3481 419 3552 fibi
436 3483 661 3552 convenientia
675 3481 783 3577 linge:
795 3485 858 3554 hoc
871 3484 937 3567 est,
951 3482 1096 3553 servetur
1108 3479 1151 3548 ad

205 3575 312 3650 imum
334 3601 385 3649 res
410 3580 462 3648 illa
478 3577 581 3672 qualis
606 3576 646 3648 ab
668 3577 798 3667 incepto
815 3576 1021 3672 procellerit,
1040 3570 1077 3642 ἃ
1092 3571 1151 3643 sibi

207 3673 342 3744 conllct.
381 3675 538 3768 Denique
561 3673 595 3740 in
618 3672 716 3744 rebus
744 3676 808 3766 jam
825 3675 911 3746 notis
933 3671 1083 3743 standum
1106 3669 1153 3739 ell

206 3770 314 3840 alieno
329 3770 472 3840 decoro:
494 3773 527 3838 in
539 3767 654 3840 nostris
668 3768 749 3841 verb
763 3772 912 3844 standum
925 3767 977 3859 cst¹
987 3783 1107 3836 natura
1117 3765 1154 3841 ὅ(

205 3864 423 3955 philosophia
438 3863 631 3936 rationibus.
663 3868 704 3936 ld
717 3860 888 3958 quomodo'
901 3862 998 3954 polsrs
1012 3858 1154 3954 assequi,

206 3960 313 4037 statim
328 3962 473 4055 aperiet:
498 3985 584 4038 nunc
609 3985 651 4035 ex
671 3961 741 4128 {pisa
763 3988 798 4036 re
812 3959 1024 4058 quaellionem
1045 3977 1154 4069 natam

246 4068 252 4075 '
379 4083 415 4097 ··
525 4094 528 4100 ·
723 4077 744 4150 3
865 4104 870 4112 -
1063 4075 1178 4147 prrus.
