2859 4709
261 449 332 523 240
468 427 1050 506 Auroramrosras.

259 553 497 640 cullodiretur,
517 554 672 649 serpentis
694 556 806 631 morsu
832 558 997 632 extindlus
1021 557 1077 631 etl
1113 559 1257 646 statius

260 652 298 728 ἃ
321 654 516 726 Lactantius.
769 732 771 739 ¹

307 770 387 842 214.
413 757 523 823 Acuta
543 748 698 846 cuspide.)
723 750 780 822 De
793 749 986 823 Laocoonte
1007 751 1112 824 multa
1125 751 1255 851 Virgil.

258 848 360 921 lib-2·
386 850 522 919 AEucid.
545 846 581 917 ἃ
610 848 692 917 Plio.

306 963 388 1034 214.
412 947 508 1015 Neve
524 943 647 1039 gradus
669 944 807 1034 odeas.)
831 947 978 1036 Elpenor
1001 943 1122 1041 Ulyllis
1145 944 1254 1020 socius

258 1040 369 1111 ebrius
391 1040 432 1111 ab
456 1041 555 1113 Scalis
579 1040 705 1109 decidit.
739 1040 882 1114 Homer.
905 1044 940 1112 in
960 1040 1028 1130 fine
1047 1063 1102 1115 10.
1128 1044 1230 1143 Odys.

304 1157 387 1229 214.
415 1139 556 1233 Tamque
575 1136 671 1207 cadas
684 1137 865 1231 domitus.)
890 1137 934 1208 Id
957 1138 1025 1216 est,
1042 1138 1086 1209 ita
1107 1138 1251 1215 domims

251 1235 381 1313 cadas,
412 1252 448 1304 ut
483 1236 687 1326 quicumque
720 1257 761 1304 ex
794 1235 977 1327 Dryopum
1011 1235 1140 1328 populo
1168 1236 1252 1330 juvit

255 1329 539 1400 Theodamantem
556 1352 671 1423 regem
689 1348 800 1402 contra
815 1330 1003 1403 Herculem
1022 1352 1252 1425 pugnantem,

256 1448 300 1497 ex
325 1424 499 1516 interprete
526 1425 708 1517 Apollonii.

304 1542 384 1614 214.
410 1522 518 1615 Quom
532 1520 626 1609 fctus
645 1520 711 1619 ipse
723 1521 825 1616 fito.)
859 1521 969 1597 Cacus
993 1524 1140 1601 Vulcani
1164 1526 1252 1602 filius

254 1616 297 1692 ab
318 1617 467 1690 Hercule
489 1618 623 1690 occil'us.
663 1618 828 1712 Virgilius
850 1620 911 1689 late
935 1623 989 1694 tib.
1004 1626 1034 1696 8.
1055 1625 1225 1696 AErrcidos.

303 1737 385 1807 214.
410 1715 520 1806 Quom
538 1716 591 1810 qui
613 1714 696 1786 dono
716 1716 792 1786 tulit
813 1714 960 1811 Ncffco.)
984 1719 1126 1792 Nellum
1150 1720 1248 1793 Cen-

253 1826 385 1884 taurum
415 1812 580 1885 Hcrcules
608 1811 745 1895 occidit,
779 1810 874 1905 cujus
900 1813 1057 1909 sanguine
1087 1817 1248 1891 imbutam

253 1909 378 1982 vellem
397 1910 526 2007 Lychos
546 1907 685 1981 Herculi
705 1908 833 1979 obtulit.
875 1908 1038 1984 Hercules
1058 1932 1170 1984 autem
1195 1934 1246 1986 tu·

254 2008 327 2079 nica
348 2010 481 2081 indutus
506 2005 620 2078 furore
643 2022 835 2098 correptus,
860 2005 1007 2100 Lycham
1033 2008 1140 2098 ipsum
1160 2030 1247 2082 rota·

254 2122 326 2175 tum
351 2104 384 2172 in
410 2128 499 2175 mare
523 2100 759 2194 praecipitavit,
781 2100 858 2174 vide
876 2100 1053 2200 Epistulam
1077 2105 1245 2201 Dejauirae

251 2201 287 2272 in
308 2201 410 2271 Ovid.
516 2198 519 2205 ’
937 2214 942 2223 ’

302 2317 382 2388 214.
409 2297 474 2371 Vel
495 2293 534 2365 dc
552 2292 713 2390 praecipiti
735 2294 875 2387 venias.)
903 2295 1136 2369 Cleombrotus
1157 2296 1246 2367 Am·

252 2391 413 2464 braciotes
436 2393 523 2463 leclo
548 2390 690 2463 Platonis
716 2391 799 2463 libro
826 2392 865 2463 de
885 2394 1125 2467 immortalitate
1145 2395 1245 2467 animi

222 2486 226 2493 ’
252 2489 332 2561 lese
352 2493 386 2560 in
404 2513 494 2560 mare
514 2510 556 2559 ex
575 2486 635 2556 alta
656 2490 735 2557 turri
750 2489 974 2580 praecipitavit.
1009 2491 1131 2563 Cicero
1152 2492 1242 2564 libm.

250 2588 381 2674 Tuscul.
422 2590 521 2661 Extat
554 2582 750 2657 Callimachi
779 2586 994 2680 Epigramma
1025 2589 1066 2658 de
1097 2585 1243 2659 Cleom-

250 2685 359 2759 broto.

298 2803 381 2874 214.
411 2785 456 2854 Ut
479 2781 534 2877 qui
559 2778 735 2871 Theseae.)
771 2779 900 2872 AEgeus
933 2775 1057 2850 Thesei
1087 2798 1179 2870 pater
1209 2778 1242 2851 in

250 2902 341 2951 mare
367 2877 397 2947 se
422 2876 636 2968 praecipitavit
659 2876 774 2945 videns
795 2877 866 2947 vela
900 2876 1026 2970 nigra,
1060 2900 1132 2971 quae
1164 2902 1242 2950 mu-

250 2976 347 3049 tanda
372 2976 504 3044 dederat
528 2971 598 3042 filio
624 2969 780 3056 Theseo,
803 2969 828 3041 li
852 2972 957 3044 vidior
983 2975 1113 3044 rediret.
1161 2974 1242 3046 Plu·

249 3071 380 3146 tarchus
403 3072 436 3142 in
456 3067 588 3155 Theseo.
1008 3096 1010 3101 ·

297 3187 378 3259 214.
403 3167 520 3258 Miffirs
541 3164 580 3234 ol>
602 3152 673 3238 orci
693 3165 804 3262 puer.)
831 3163 998 3260 Astyanax
1020 3162 1180 3238 Hedioris
1201 3165 1242 3238 fi·

197 3318 200 3329 .
248 3265 312 3434 {2¹⁵
338 3266 378 3335 ab
401 3261 513 3362 Ulysle
543 3259 605 3335 fuit
635 3260 653 3333 ὲ
680 3263 760 3336 turri
783 3262 1013 3355 praecipitatus.
1054 3260 1179 3337 Seneca
1207 3268 1242 3334 in

280 3361 387 3433 tonde.

294 3480 378 3551 214.
405 3458 449 3529 Ur
462 3455 566 3529 teneri
579 3454 722 3548 nutrire.)
747 3454 811 3523 Ino
826 3453 970 3524 Semeles
984 3449 1123 3525 soror&
1137 3451 1241 3525 Atha·

245 3555 365 3629 mantis
398 3577 485 3626 uxor
509 3553 576 3625 sele
608 3575 686 3620 cum
718 3550 894 3624 Melicerta
925 3549 996 3622 filio
1033 3549 1172 3645 projecit
1207 3551 1240 3620 in

243 3676 348 3726 mare.
387 3651 491 3721 Ovid.
516 3655 653 3722 Metam.

290 3770 371 3843 214.
399 3752 497 3822 Serra
511 3736 743 3845 repertofuit.)
768 3743 926 3818 Daedalus
942 3745 1115 3816 Perdicem
1129 3739 1147 3815 ὲ
1162 3743 1245 3817 turri

242 3845 483 3938 praecipitavit‚
505 3846 596 3938 quod
612 3840 730 3912 serram
748 3840 918 3915 invenerit.
949 3843 1053 3915 Ouid.
1077 3846 1216 3913 Metam.

292 3962 375 4034 214
400 3942 506 4038 Lydia
519 3943 559 4033 se
574 3936 743 4036 scopulis.)
768 3941 860 4011 Mars
881 3939 998 4010 Ilicem
1022 3937 1119 4037 Ibyci
1138 3934 1242 4030 Lydii

238 4035 342 4109 filiam
362 4041 504 4126 amavit,
529 4062 605 4134 quae
620 4052 690 4110 tuta
704 4034 822 4112 Dianae
841 4034 964 4112 auxilio
989 4036 1070 4111 dum
1089 4054 1242 4204 anpprmn

1165 4150 1242 4201 artes
