2859 4709
373 391 954 468 annonanronns.
1013 436 1022 458 .
1090 414 1161 492 235

167 511 311 609 lapplieii
333 536 457 611 genere
477 514 496 587 b
512 516 646 589 Theseo
663 514 798 589 affedlus
817 516 874 591 eli
902 536 973 593 cet.
991 518 1066 594 vide
1083 524 1163 596 Plu·

167 614 266 687 turcia
294 614 328 685 in
353 613 488 697 Theseo.

180 778 183 783 .
209 728 296 789 212..
322 708 728 805 Quattsasaemenites.)
754 716 816 785 Pet
839 710 912 785 haec
930 712 1046 783 decem
1070 712 1163 783 dein-

167 832 240 899 :eps
264 804 399 879 disticha
430 828 664 879 enumerantur
689 810 857 891 Mendici,
881 809 1013 903 Egerii,
1038 806 1074 881 &
1098 809 1163 879 Fa·

167 906 295 984 melici,
310 930 366 999 qut
381 904 532 975 humanis
553 905 705 977 carnibus
726 907 848 978 famem
864 898 1026 977 sedarunt.
1054 905 1164 977 Ache·

167 1002 331 1079 meumes,
349 1004 474 1095 dequo
494 1001 556 1071 tue
575 1004 696 1096 Vrrgu.
709 1024 740 1091 3.
756 1006 887 1076 AEnrt'd.
928 1002 1003 1073 Irus
1027 1002 1165 1075 celebris

167 1098 208 1195 est
232 1100 320 1189 apud
344 1096 539 1171 Homerum
567 1102 665 1195 Odyfi
690 1104 744 1175 18.
773 1122 865 1173 antea
890 1098 1070 1172 vocabatur
1098 1100 1164 1169 Ar·

167 1216 265 1275 neus,
290 1192 333 1265 lic
358 1212 427 1267 erat
458 1194 647 1269 binomims.
690 1197 732 1267 ln
764 1201 898 1280 Ponte,
924 1194 959 1266 dt
992 1194 1024 1264 in
1054 1196 1165 1268 Aricia

167 1290 217 1361 ria
250 1288 402 1364 sedebant
437 1292 591 1362 mendici.
641 1295 734 1369 Vide
769 1296 876 1388 Adag.
913 1293 1019 1362 Multi
1051 1294 1165 1363 Manii

167 1386 301 1459 Arieiae.
340 1390 398 1483 De
424 1389 483 1457 illo
496 1387 642 1461 dubitant
658 1392 749 1461 doeti
768 1390 854 1481 (Qui
875 1388 931 1459 tibi
948 1392 1050 1482 major
1069 1392 1163 1482 erit.)

167 1484 293 1557 Excute
306 1485 388 1558 illud
403 1484 501 1557 Persii
524 1489 635 1583 Satyr.
648 1486 754 1574 sexta.
779 1482 941 1581 Presloefl
964 1488 1042 1557 mihi
1058 1490 1164 1555 Man-

167 1580 263 1657 at'rrs‚
292 1582 405 1663 aeres,
427 1600 529 1680 prope
551 1587 656 1677 major
681 1585 871 1656 avunculus.
898 1602 970 1656 εει.
1009 1584 1162 1655 Turneb.

167 1674 222 1749 tit.
233 1698 271 1769 9.
293 1695 363 1771 rap.
378 1682 436 1757 26·

217 1791 303 1847 212.
324 1776 426 1849 Filius
450 1778 601 1871 Cereris)
625 1775 671 1849 est
694 1776 822 1859 Pluto,
845 1776 902 1870 qui
926 1801 1042 1849 omnes
1066 1780 1107 1847 ad
1132 1772 1164 1848 se

167 1888 283 1941 euntes
299 1871 402 1945 ditare
421 1873 560 1947 solebat:
585 1877 663 1945 vide
676 1872 886 1952 Hesiodum,
902 1874 1164 1969 Theognidem,

167 1964 442 2043 &commentaria
465 1972 631 2065 Aristoph.
655 1974 688 2040 in
714 1972 821 2043 Pluto.
841 1970 893 2038 hic
911 1989 1021 2039 aurem
1045 1973 1165 2062 legen-

167 2064 270 2231 iim’
287 2060 385 2151 filius
404 2070 465 2150 (7,
489 2093 555 2141 non
573 2068 668 2159 filius
689 2090 745 2153 ut,
769 2067 811 2140 stc
838 2068 957 2162 Egnat.
978 2068 1165 2141 &Codrus

198 2180 307 2230 reeus.
344 2182 381 2235 0.

211 2274 295 2333 212.
319 2182 522 2353 bristoltlon
547 2240 565 2331 l
589 2260 713 2335 Cerere
737 2261 815 2333 irata
841 2258 1014 2332 intentam
1039 2260 1164 2334 famem

167 2352 302 2421 condius
324 2354 393 2435 est,
414 2374 450 2427 ut
473 2358 584 2431 morsu
609 2358 683 2432 suos
708 2378 795 2431 artus
823 2358 1055 2431 dilaceraverit.
1093 2357 1164 2429 Hic

167 2446 329 2519 vendebat
348 2450 468 2532 filiam,
488 2447 535 2525 ut
557 2455 682 2526 famem
712 2454 921 2538 sustentaret,
946 2480 1020 2547 quae
1043 2457 1076 2523 in
1106 2479 1166 2522 va·

167 2542 227 2614 rias
245 2542 368 2638 figuras
384 2550 579 2624 vertebatur.
617 2552 784 2643 Driopem
801 2572 898 2627 vocat
920 2550 1024 2623 Ouid.
1038 2554 1070 2624 8.
1089 2553 1166 2619 Me-

167 2662 244 2711 ram.
284 2642 429 2717 Tzetzes
452 2647 609 2719 Mastram
638 2648 720 2721 Ctit.
735 2672 777 2723 2.·
797 2645 974 2740 histrum.
995 2648 1048 2718 alii
1070 2646 1167 2717 Tao-

167 2738 320 2831 peidem‚
345 2738 363 2811 'a
387 2747 525 2833 pavonis
548 2745 649 2824 facie,
671 2745 725 2819 vel
748 2744 869 2815 forma.

213 2854 297 2913 212·
321 2834 464 2928 Tydeus!
485 2840 593 2913 lethali
618 2842 755 2912 vulnere
777 2841 879 2911 vitam
906 2837 1022 2912 finiens
1043 2842 1166 2912 Mena-

167 2929 248 3021 lippi
274 2953 371 3021 caput
402 2935 557 3015 corrosit,
586 2940 662 3011 vide
681 2938 831 3009 ‚Statium
865 2938 919 3008 lib.
933 2941 966 3011 8.
1000 2938 1098 3011 Taet.
1124 2941 1165 3009 de

167 3024 237 3195 logo
267 3026 464 3125 Menalippa
501 3030 612 3126 postea
644 3035 677 3102 in
712 3034 798 3105 illo:
832 3037 885 3105 Ac
916 3038 1005 3107 velut
1033 3036 1166 3133 Hyrta-

167 3144 197 3193 σι
222 3146 269 3193 es.

210 3239 298 3297 212.-
324 3224 444 3297 Atrius
465 3224 623 3323 Thyestae
652 3225 743 3299 fratri
775 3227 862 3299 filios
899 3230 1102 3300 mandendos
1132 3225 1166 3295 in

167 3318 324 3389 convivio
347 3320 515 3411 apposuit,
535 3323 553 3394 a
571 3347 715 3417 quorum
734 3323 842 3397 mensa
855 3324 912 3397 Sol
935 3328 1053 3396 dieitur
1077 3344 1168 3396 aver·

167 3408 234 3484 tille
260 3437 388 3487 currus.

212 3528 294 3602 213.
321 3514 452 3610 Lycaon
480 3515 634 3590 Areadiae
666 3518 739 3588 Rex
762 3523 888 3602 Jovem
912 3514 1044 3605 excepit
1080 3537 1164 3585 con·

167 3604 256 3677 rivio
286 3613 418 3682 anacleti
451 3612 619 3696 hominis,
649 3610 686 3686 &
717 3615 764 3686 ira
791 3618 886 3698 Jovis
911 3611 1023 3709 versus
1048 3608 1109 3680 fuit
1133 3609 1167 3680 iu

167 3698 312 3793 Lupum.
337 3708 489 3783 Ovid.1.
515 3716 654 3782 Metam.

211 3820 294 3893 213.
318 3804 438 3900 Pelops
466 3808 599 3879 Tantali
624 3804 718 3896 filius
750 3806 876 3890 Diislt
915 3821 1007 3898 patre
1045 3802 1171 3895 pofitus

167 3894 227 3969 fuit
243 3900 285 3967 ad
301 3901 432 3991 epulas:
450 3904 513 3976 late
529 3906 632 3976 Ouid.
644 3909 754 3976 Mera.
780 3902 885 3975 Terei
899 3927 982 3994 puer
994 3900 1058 3974 fuit
1078 3900 1169 3997 Itys,

167 3993 217 4073 rel
242 3994 376 4091 Itylus,
398 3998 455 4073 sed
475 4001 607 4083 videtur
630 4002 698 4099 leg.
735 3999 963 4101 Threiciasque
980 4020 1071 4101 puer.
1124 4094 1154 4168 Ε

222 4145 231 4153 ·
1027 4115 1109 4193 213·
1155 4111 1170 4180 l.
