2859 4709
200 404 248 486 2'6
405 407 878 495 'Ptitunoxou
926 406 956 481 1.

201 552 254 603 res
283 554 381 620 puras
411 530 499 602 facit.
543 528 630 602 Ided
661 532 746 603 ratio
775 531 881 622 putari
908 530 1051 609 dicitur,
1071 521 1114 597 in
1138 544 1204 618 qua

200 623 330 698 summa
353 627 389 699 sit
414 651 506 721 pura.
539 632 594 699 Sic
617 629 645 701 is
673 623 806 704 sermo,
829 629 863 697 in
889 653 956 719 quo
983 648 1063 718 puta
1093 619 1204 713 dispo·

201 741 324 797 nuntur
350 726 474 804 verba,
502 749 543 795 ne
570 724 607 795 sit
634 723 810 803 confusus,
837 742 935 818 atque
962 745 999 794 ut
1030 721 1204 795 diluerat,
1231 786 1241 812 0

202 817 322 892 dicitur
337 818 509 913 disputare.
549 821 636 892 Haec
652 820 722 893 fere
735 820 856 894 Varro.
894 820 986 892 Hinc
1012 817 1115 912 igitur
1129 833 1203 903 apta

203 915 250 986 est
273 907 435 990 transsatio
465 919 505 988 ad
535 919 798 1012 cogitationem,
829 915 907 996 crim
935 920 969 986 in
996 915 1104 985 dubiis
1129 910 1204 981 sen-

202 1013 313 1086 tentiis
349 1034 559 1108 amputamus
592 1013 773 1106 superflua,
808 1012 846 1090 ὅ(
877 1038 977 1087 unam
1008 1009 1205 1104 seligimus,

203 1113 303 1205 quant
320 1109 515 1203 sequamur.
531 1194 536 1203 x
1160 1158 1167 1171 a

211 1212 214 1217 ’
254 1210 327 1283 ch
347 1208 459 1290 vadis,
479 1207 515 1281 ἃ
535 1231 594 1279 var
614 1205 699 1298 volis
718 1227 876 1301 quantum
892 1204 1062 1285 differant,
1085 1220 1206 1274 notutn

204 1303 262 1398 cii.
299 1305 365 1374 Sed
390 1331 449 1378 vus
473 1327 536 1397 pro
556 1303 730 1396 sponsore,
754 1308 931 1400 antiquitus
955 1320 1042 1380 crat,
1069 1299 1123 1370 hic
1143 1323 1206 1369 vu·

205 1405 256 1475 dis
282 1397 300 1470 it
323 1400 479 1473 vadendo.
502 1400 524 1471 i.
550 1402 684 1485 eundo,
705 1407 780 1494 quia
804 1403 862 1497 qui
884 1405 984 1475 vades
1007 1399 1124 1478 dabat,
1146 1419 1207 1466 va-

205 1500 285 1594 dere
308 1497 340 1567 ei
362 1498 395 1569 in
421 1497 540 1570 urbem
566 1498 794 1571 etat'neceise.
834 1498 957 1572 Horat.
971 1494 1075 1594 satyr.
1088 1516 1116 1568 1.
1143 1494 1208 1562 tlte

177 1636 178 1641 κ
206 1596 293 1667 duris
318 1594 472 1675 vadibus,
497 1601 552 1692 qui
571 1619 646 1667 rure
665 1598 830 1670 extensius
851 1588 1088 1685 musanell,
1111 1591 1235 1662 Solos-

197 1687 315 1780 selicrs
338 1693 486 1765 viventes
507 1692 623 1765 clamat
639 1693 682 1763 :iu
704 1694 801 1767 urbe:
830 1691 942 1787 poileit
958 1686 1050 1762 ‘verd
1072 1712 1116 1760 ex
1140 1710 1208 1758 va-

207 1788 259 1860 dis
281 1787 336 1861 seu
362 1793 460 1862 vader
484 1786 609 1861 fasium
634 1787 681 1860 est
707 1816 785 1886 ¹uctr.
834 1796 879 1860 At
907 1815 966 1871 uos
998 1809 1061 1881 pro
1082 1784 1209 1885 poculo

206 1883 338 1977 antiqu'e
362 1883 477 1960 vasum
501 1883 692 1958 dicebatur:
718 1889 806 1958 unde
830 1887 992 1974 vasculum
1014 1879 1158 1968 &vasu
1172 1882 1208 1948 in

207 1980 336 2074 plurali.
383 1983 518 2056 Nonius
532 1981 672 2055 Marcel.
689 1984 724 2054 in
739 1984 797 2055 illo
815 1983 988 2058 Ciceronis
1013 1980 1105 2071 uhu.
1124 1975 1209 2072 offic.

209 2077 247 2154 V
245 2104 283 2150 as
299 2077 410 2170 fusius
433 2077 476 2175 esi
501 2079 610 2161 alter,
635 2096 726 2151 notat
747 2106 808 2154 vus
832 2079 976 2174 positum
1002 2103 1063 2170 pro
1094 2077 1208 2146 vades.

210 2175 263 2341 sc
283 2175 393 2247 nescio
413 2200 455 2248 an
471 2171 548 2248 alibi
570 2177 751 2270 reperiatur
773 2205 834 2252 vas
857 2180 893 2248 in
910 2178 1002 2250 tedio
1026 2197 1088 2267 pro
1113 2169 1213 2262 spon·

224 2294 290 2343 ote.
583 2328 585 2332 ‚

257 2370 390 2442 Flamen
414 2365 590 2444 masculini
615 2369 817 2444 sacerdotem
844 2369 1032 2469 significat,
1062 2369 1099 2445 dt
1120 2391 1210 2439 neu·

209 2468 332 2538 traliter
354 2466 467 2540 ilatum
491 2486 695 2554 ventorum
723 2466 777 2539 sed
803 2494 864 2559 pro
891 2469 970 2544 flatu
990 2493 1029 2539 an
1054 2469 1085 2538 in
1115 2467 1210 2535 tedio

210 2562 409 2652 reperiatur,
427 2565 570 2638 dubito:
597 2565 629 2634 in
653 2564 768 2657 plurali
790 2567 903 2638 tritum
929 2562 975 2636 esi
987 2565 1152 2662 flumina,
1173 2560 1212 2634 &

210 2660 386 2750 aliquando
407 2662 440 2733 in
460 2664 552 2735 sexto
570 2661 645 2734 casu
664 2659 979 2760 fingulariflumiut.
1023 2661 1152 2736 Citatur
1176 2658 1211 2725 in

211 2759 304 2828 recto
329 2756 482 2855 singulari
514 2784 556 2831 ex
588 2763 692 2830 Arato
725 2759 921 2832 Ciceronis:
949 2753 1089 2846 Inferior
1111 2750 1211 2850 pauli

211 2849 256 2946 est
277 2855 404 2934 Aries,
429 2853 470 2929 sl'
483 2859 610 2954 flamen
633 2853 675 2927 ad
696 2853 811 2951 Austri
834 2856 1054 2928 Inclinatior:
1081 2852 1135 2923 sed
1162 2853 1211 2921 le-

155 2970 157 2975 ’
209 2951 361 3061 §gendum
377 2952 441 3023 ett:
457 2952 600 3048 flamina
624 2952 667 3024 oti
681 2949 809 3048 Austri.
851 2953 946 3044 Quid
968 2949 992 3020 st
1016 2952 1126 3042 potius
1154 2947 1211 3018 hic

211 3044 333 3117 flimen
351 3074 413 3140 pro
439 3047 606 3121 sacerdote
629 3047 840 3122 scribendum
859 3049 896 3119 stt
916 3048 1040 3139 duplici
1059 3064 1115 3131 m3
1136 3069 1216 3118 nam

212 3142 443 3242 utDionystus
463 3145 634 3218 Halicarn.
653 3146 716 3227 ait,
739 3145 859 3218 dicitur
881 3142 899 3213 a
910 3149 1084 3244 flammeo,
1105 3144 1126 3211 i.
1149 3138 1214 3212 iin-

212 3256 269 3309 teo
289 3241 412 3313 rubro:
439 3265 506 3314 non
527 3240 544 3315 i
562 3239 731 3332 flumine,
753 3263 789 3325 ut
813 3243 911 3314 aiunt
926 3239 1156 3317 Grammatici.

261 3336 366 3411 Pecus
389 3338 482 3420 ulis,
500 3339 538 3416 δι
559 3361 657 3436 pecus
677 3343 766 3418 oris,
789 3337 834 3412 stc
858 3339 1059 3433 distinguunt
1082 3338 1230 3410 Graiu--

213 3435 344 3506 marici:
372 3440 445 3510 Uno
460 3438 535 3526 sola
560 3458 656 3532 pecus
678 3435 781 3526 inficit
803 3461 893 3509 omne
915 3444 1020 3532 peius.
1053 3433 1112 3526 ipst
1135 3457 1213 3511 ma-

214 3529 266 3622 gis
292 3535 332 3603 ad
353 3536 498 3625 pecudes
519 3535 704 3628 ablegandi.
745 3533 907 3626 Sosipater
932 3529 1098 3607 Charisius
1122 3529 1215 3603 libr.

215 3625 299 3697 Alio
319 3638 428 3702 ‘autent
447 3632 591 3726 quumvis
616 3631 737 3728 plurali
759 3657 888 3703 numero
908 3651 966 3726 per
993 3654 1101 3700 omues
1125 3626 1217 3712 casus

215 3722 434 3809 declarentur,
459 3727 691 3800 nominativum
716 3750 821 3801 romeu
835 3727 1032 3824 fiugulareut
1048 3773 1069 3810 ‚,
1086 3725 1218 3797 vocati-

210 3842 348 3916 -vumque
371 3849 435 3895 uon
456 3826 593 3898 habeut:
618 3846 654 3896 ut
670 3827 797 3921 ’δωρεὴ
817 3845 948 3920 preces,
972 3845 1139 3922 proceres,
1160 3835 1222 3912 pe·

214 3921 333 4002 cules,
351 3917 495 4018 fruges,
507 3921 642 4016 fauces,
662 3921 769 4004 vices,
794 3918 862 3995 sle.
903 3922 1023 4014 Itaque
1047 3937 1103 3991 aut
1129 3935 1220 3988 caret

213 4013 326 4099 tedio,
349 4023 439 4109 quod
465 4020 507 4092 ait
533 4017 719 4103 Charisius,
742 4035 796 4092 aut
818 4019 948 4094 reditun
966 4017 1044 4103 etit,
1070 4017 1219 4107 staecpe·

213 4114 338 4195 curies,
362 4118 403 4189 is.
1071 4113 1222 4209 Appelso
