<?xml version="1.0" encoding="UTF-8"?>
<!DOCTYPE html PUBLIC "-//W3C//DTD XHTML 1.0 Transitional//EN"
    "http://www.w3.org/TR/xhtml1/DTD/xhtml1-transitional.dtd">
<html xmlns="http://www.w3.org/1999/xhtml" xml:lang="en" lang="en">
 <head>
  <title>
</title>
<meta http-equiv="Content-Type" content="text/html;charset=utf-8" />
  <meta name='ocr-system' content='tesseract 3.04.00' />
  <meta name='ocr-capabilities' content='ocr_page ocr_carea ocr_par ocr_line ocrx_word'/>
</head>
<body>
  <div class='ocr_page' id='page_1' title='image "./operaomniaunacu00siscgoog/operaomniaunacu00siscgoog_0172.png"; bbox 0 0 2859 4709; ppageno 0'>
   <div class='ocr_carea' id='block_1_1' title="bbox 203 360 994 499">
    <p class='ocr_par' dir='ltr' id='par_1_1' title="bbox 203 360 994 499">
     <span class='ocr_line' id='line_1_1' title="bbox 203 360 994 499; baseline -0.009 -36"><span class='ocrx_word' id='word_1_1' title='bbox 203 390 275 482; x_wconf 76' lang='lat'><em>164</em></span> <span class='ocrx_word' id='word_1_2' title='bbox 372 390 376 397; x_wconf 87' lang='lat'>&#39;</span> <span class='ocrx_word' id='word_1_3' title='bbox 417 360 460 456; x_wconf 79' lang='lat' dir='ltr'><em>P.</em></span> <span class='ocrx_word' id='word_1_4' title='bbox 499 379 994 499; x_wconf 68' lang='lat' dir='ltr'><em>thc7Bnc0u1cs3</em></span> 
     </span>
    </p>
   </div>
   <div class='ocr_carea' id='block_1_2' title="bbox 201 511 1182 896">
    <p class='ocr_par' dir='ltr' id='par_1_2' title="bbox 201 511 1182 896">
     <span class='ocr_line' id='line_1_2' title="bbox 201 511 1019 610; baseline -0.009 -24"><span class='ocrx_word' id='word_1_5' title='bbox 201 514 378 587; x_wconf 79' lang='lat' dir='ltr'><em>Fortunate</em></span> <span class='ocrx_word' id='word_1_6' title='bbox 398 531 499 610; x_wconf 77' lang='lat' dir='ltr'><em>puer,</em></span> <span class='ocrx_word' id='word_1_7' title='bbox 520 536 560 586; x_wconf 90' lang='lat' dir='ltr'><em>tu</em></span> <span class='ocrx_word' id='word_1_8' title='bbox 579 540 661 587; x_wconf 86' lang='lat' dir='ltr'><em>nunc</em></span> <span class='ocrx_word' id='word_1_9' title='bbox 688 517 752 587; x_wconf 83' lang='lat' dir='ltr'><em>eris</em></span> <span class='ocrx_word' id='word_1_10' title='bbox 777 515 860 585; x_wconf 86' lang='lat' dir='ltr'><em>alter</em></span> <span class='ocrx_word' id='word_1_11' title='bbox 885 515 924 584; x_wconf 91' lang='lat' dir='ltr'><em>ab</em></span> <span class='ocrx_word' id='word_1_12' title='bbox 949 511 1019 583; x_wconf 88' lang='lat' dir='ltr'><em>illo.</em></span> 
     </span>
     <span class='ocr_line' id='line_1_3' title="bbox 201 600 1182 707; baseline -0.011 -22"><span class='ocrx_word' id='word_1_13' title='bbox 201 614 277 686; x_wconf 88' lang='lat' dir='ltr'><em>Nos</em></span> <span class='ocrx_word' id='word_1_14' title='bbox 303 634 407 683; x_wconf 90' lang='lat' dir='ltr'><em>tumen</em></span> <span class='ocrx_word' id='word_1_15' title='bbox 434 610 500 682; x_wconf 73' lang='lat' dir='ltr'><em>hec</em></span> <span class='ocrx_word' id='word_1_16' title='bbox 531 635 713 707; x_wconf 87' lang='lat' dir='ltr'><em>quocunque</em></span> <span class='ocrx_word' id='word_1_17' title='bbox 736 615 829 682; x_wconf 82' lang='lat' dir='ltr'><em>morlo</em></span> <span class='ocrx_word' id='word_1_18' title='bbox 854 612 914 682; x_wconf 89' lang='lat' dir='ltr'><em>tibi</em></span> <span class='ocrx_word' id='word_1_19' title='bbox 937 604 1057 703; x_wconf 75' lang='lat' dir='ltr'><em>mosim,</em></span> <span class='ocrx_word' id='word_1_20' title='bbox 1075 600 1182 697; x_wconf 76' lang='lat' dir='ltr'><em>uicislt</em></span> 
     </span>
     <span class='ocr_line' id='line_1_4' title="bbox 201 701 1095 896; baseline -0.011 -115"><span class='ocrx_word' id='word_1_21' title='bbox 201 711 380 800; x_wconf 69' lang='lat' dir='ltr'><em>vicenas,</em></span> <span class='ocrx_word' id='word_1_22' title='bbox 405 708 623 896; x_wconf 55' lang='lat' dir='ltr'><em>Dqtlrninque</em></span> <span class='ocrx_word' id='word_1_23' title='bbox 646 713 736 778; x_wconf 87' lang='lat' dir='ltr'><em>tuum</em></span> <span class='ocrx_word' id='word_1_24' title='bbox 758 709 902 781; x_wconf 76' lang='lat' dir='ltr'><em>tollemus</em></span> <span class='ocrx_word' id='word_1_25' title='bbox 920 708 963 775; x_wconf 83' lang='lat' dir='ltr'><em>ab</em></span> <span class='ocrx_word' id='word_1_26' title='bbox 982 701 1095 798; x_wconf 82' lang='lat' dir='ltr'><em>aslra:</em></span> 
     </span>
    </p>
   </div>
   <div class='ocr_carea' id='block_1_3' title="bbox 145 796 1182 4072">
    <p class='ocr_par' dir='ltr' id='par_1_3' title="bbox 203 796 1182 994">
     <span class='ocr_line' id='line_1_5' title="bbox 203 796 1182 898; baseline -0.01 -21"><span class='ocrx_word' id='word_1_27' title='bbox 203 806 359 898; x_wconf 81' lang='lat' dir='ltr'><strong><em>Daphnin</em></strong></span> <span class='ocrx_word' id='word_1_28' title='bbox 373 807 448 874; x_wconf 82' lang='lat' dir='ltr'><em>ada</em></span> <span class='ocrx_word' id='word_1_29' title='bbox 477 828 515 871; x_wconf 86' lang='lat' dir='ltr'><em>ra</em></span> <span class='ocrx_word' id='word_1_30' title='bbox 523 801 687 892; x_wconf 79' lang='lat' dir='ltr'><em>feremus:</em></span> <span class='ocrx_word' id='word_1_31' title='bbox 702 804 826 875; x_wconf 90' lang='lat' dir='ltr'><em>amavit</em></span> <span class='ocrx_word' id='word_1_32' title='bbox 840 828 899 893; x_wconf 82' lang='lat' dir='ltr'><em>nos</em></span> <span class='ocrx_word' id='word_1_33' title='bbox 913 796 1182 896; x_wconf 77' lang='lat' dir='ltr'><em>quoqueDaplnti.</em></span> 
     </span>
     <span class='ocr_line' id='line_1_6' title="bbox 203 896 1067 994; baseline 0 -25"><span class='ocrx_word' id='word_1_34' title='bbox 203 901 280 973; x_wconf 86' lang='lat' dir='ltr'><em>Mo.</em></span> <span class='ocrx_word' id='word_1_35' title='bbox 309 906 368 970; x_wconf 85' lang='lat' dir='ltr'><em>An</em></span> <span class='ocrx_word' id='word_1_36' title='bbox 385 901 553 994; x_wconf 78' lang='lat' dir='ltr'><em>qnisquam</em></span> <span class='ocrx_word' id='word_1_37' title='bbox 578 901 671 972; x_wconf 92' lang='lat' dir='ltr'><em>nobis</em></span> <span class='ocrx_word' id='word_1_38' title='bbox 692 896 804 994; x_wconf 81' lang='lat' dir='ltr'><em>tolifit</em></span> <span class='ocrx_word' id='word_1_39' title='bbox 821 922 948 977; x_wconf 88' lang='lat' dir='ltr'><em>munere</em></span> <span class='ocrx_word' id='word_1_40' title='bbox 961 899 1067 991; x_wconf 78' lang='lat' dir='ltr'><em>majus</em></span> 
     </span>
    </p>

    <p class='ocr_par' dir='ltr' id='par_1_4' title="bbox 205 980 978 1094">
     <span class='ocr_line' id='line_1_7' title="bbox 205 980 978 1094; baseline -0.009 -26"><span class='ocrx_word' id='word_1_41' title='bbox 205 1001 249 1068; x_wconf 82' lang='lat' dir='ltr'><em>Et</em></span> <span class='ocrx_word' id='word_1_42' title='bbox 272 1021 350 1094; x_wconf 83' lang='lat' dir='ltr'><em>puer</em></span> <span class='ocrx_word' id='word_1_43' title='bbox 369 996 433 1090; x_wconf 77' lang='lat' dir='ltr'><em>ipse</em></span> <span class='ocrx_word' id='word_1_44' title='bbox 447 993 520 1085; x_wconf 85' lang='lat' dir='ltr'><em>suit</em></span> <span class='ocrx_word' id='word_1_45' title='bbox 540 998 668 1070; x_wconf 90' lang='lat' dir='ltr'><em>cantari</em></span> <span class='ocrx_word' id='word_1_46' title='bbox 693 995 835 1090; x_wconf 77' lang='lat' dir='ltr'><em>dignus,</em></span> <span class='ocrx_word' id='word_1_47' title='bbox 856 980 896 1068; x_wconf 61' lang='lat'><em>(7</em></span> <span class='ocrx_word' id='word_1_48' title='bbox 921 989 978 1087; x_wconf 68' lang='lat' dir='ltr'><em>sla</em></span> 
     </span>
    </p>

    <p class='ocr_par' dir='ltr' id='par_1_5' title="bbox 145 1087 1182 1860">
     <span class='ocr_line' id='line_1_8' title="bbox 204 1087 1100 1187; baseline -0.006 -25"><span class='ocrx_word' id='word_1_49' title='bbox 204 1093 281 1170; x_wconf 76' lang='lat' dir='ltr'><em>Jam</em></span> <span class='ocrx_word' id='word_1_50' title='bbox 299 1092 426 1187; x_wconf 78' lang='lat' dir='ltr'><em>pridem</em></span> <span class='ocrx_word' id='word_1_51' title='bbox 451 1092 627 1164; x_wconf 76' lang='lat' dir='ltr'><em>Stimichon</em></span> <span class='ocrx_word' id='word_1_52' title='bbox 651 1094 801 1163; x_wconf 78' lang='lat' dir='ltr'><em>laudavit</em></span> <span class='ocrx_word' id='word_1_53' title='bbox 823 1091 966 1162; x_wconf 87' lang='lat' dir='ltr'><em>carmina</em></span> <span class='ocrx_word' id='word_1_54' title='bbox 987 1087 1100 1171; x_wconf 82' lang='lat' dir='ltr'><em>nobis,</em></span> 
     </span>
     <span class='ocr_line' id='line_1_9' title="bbox 204 1185 1097 1277; baseline -0.009 -17"><span class='ocrx_word' id='word_1_55' title='bbox 204 1191 280 1261; x_wconf 88' lang='lat' dir='ltr'><em>Me.</em></span> <span class='ocrx_word' id='word_1_56' title='bbox 295 1187 471 1261; x_wconf 76' lang='lat' dir='ltr'><em>&#39;Candidus</em></span> <span class='ocrx_word' id='word_1_57' title='bbox 494 1189 649 1276; x_wconf 87' lang='lat' dir='ltr'><em>insuetum</em></span> <span class='ocrx_word' id='word_1_58' title='bbox 673 1191 810 1259; x_wconf 86' lang='lat' dir='ltr'><em>miratur</em></span> <span class='ocrx_word' id='word_1_59' title='bbox 837 1189 931 1257; x_wconf 87' lang='lat' dir='ltr'><em>limen</em></span> <span class='ocrx_word' id='word_1_60' title='bbox 956 1185 1097 1277; x_wconf 80' lang='lat' dir='ltr'><em>olumpi‚</em></span> 
     </span>
     <span class='ocr_line' id='line_1_10' title="bbox 205 1277 1139 1379; baseline -0.003 -19"><span class='ocrx_word' id='word_1_61' title='bbox 205 1287 278 1360; x_wconf 82' lang='lat' dir='ltr'><em>Sub</em></span> <span class='ocrx_word' id='word_1_62' title='bbox 302 1277 493 1379; x_wconf 74' lang='lat' dir='ltr'><em>pedibusque</em></span> <span class='ocrx_word' id='word_1_63' title='bbox 521 1287 609 1356; x_wconf 79' lang='lat' dir='ltr'><em>viaet</em></span> <span class='ocrx_word' id='word_1_64' title='bbox 633 1284 747 1366; x_wconf 82' lang='lat' dir='ltr'><em>nubes,</em></span> <span class='ocrx_word' id='word_1_65' title='bbox 771 1282 812 1359; x_wconf 74' lang='lat' dir='ltr'><em>(t</em></span> <span class='ocrx_word' id='word_1_66' title='bbox 830 1280 941 1377; x_wconf 77' lang='lat' dir='ltr'><em>filtra</em></span> <span class='ocrx_word' id='word_1_67' title='bbox 958 1281 1139 1376; x_wconf 72' lang='lat' dir='ltr'><em>Daphnis,</em></span> 
     </span>
     <span class='ocr_line' id='line_1_11' title="bbox 205 1375 1083 1478; baseline 0 -29"><span class='ocrx_word' id='word_1_68' title='bbox 205 1386 298 1478; x_wconf 76' lang='lat' dir='ltr'><em>Ergo</em></span> <span class='ocrx_word' id='word_1_69' title='bbox 324 1380 443 1450; x_wconf 86' lang='lat' dir='ltr'><em>alacris</em></span> <span class='ocrx_word' id='word_1_70' title='bbox 462 1375 583 1470; x_wconf 82' lang='lat' dir='ltr'><em>filuas,</em></span> <span class='ocrx_word' id='word_1_71' title='bbox 605 1379 653 1455; x_wconf 68' lang='lat' dir='ltr'><em>(t.</em></span> <span class='ocrx_word' id='word_1_72' title='bbox 675 1403 779 1452; x_wconf 87' lang='lat' dir='ltr'><em>cetero</em></span> <span class='ocrx_word' id='word_1_73' title='bbox 806 1405 884 1450; x_wconf 89' lang='lat' dir='ltr'><em>rura</em></span> <span class='ocrx_word' id='word_1_74' title='bbox 909 1379 1083 1472; x_wconf 79' lang='lat' dir='ltr'><em>uoluptas,</em></span> 
     </span>
     <span class='ocr_line' id='line_1_12' title="bbox 206 1472 1129 1571; baseline -0.003 -23"><span class='ocrx_word' id='word_1_75' title='bbox 206 1481 388 1568; x_wconf 78' lang='lat' dir='ltr'><em>Panaque,</em></span> <span class='ocrx_word' id='word_1_76' title='bbox 409 1472 605 1571; x_wconf 79' lang='lat' dir='ltr'><em>pastoresque</em></span> <span class='ocrx_word' id='word_1_77' title='bbox 629 1497 731 1557; x_wconf 80' lang='lat' dir='ltr'><em>tenet,</em></span> <span class='ocrx_word' id='word_1_78' title='bbox 751 1475 962 1568; x_wconf 80' lang='lat' dir='ltr'><em>Druabasque</em></span> <span class='ocrx_word' id='word_1_79' title='bbox 976 1475 1129 1570; x_wconf 77' lang='lat' dir='ltr'><em>puellas,</em></span> 
     </span>
     <span class='ocr_line' id='line_1_13' title="bbox 206 1569 1067 1666; baseline -0.005 -21"><span class='ocrx_word' id='word_1_80' title='bbox 206 1577 282 1650; x_wconf 88' lang='lat' dir='ltr'><em>Nec</em></span> <span class='ocrx_word' id='word_1_81' title='bbox 306 1574 398 1663; x_wconf 75' lang='lat' dir='ltr'><em>lupus</em></span> <span class='ocrx_word' id='word_1_82' title='bbox 416 1569 545 1665; x_wconf 78' lang='lat' dir='ltr'><em>infidias</em></span> <span class='ocrx_word' id='word_1_83' title='bbox 558 1574 761 1666; x_wconf 81' lang='lat' dir='ltr'><em>petori‚‘nec</em></span> <span class='ocrx_word' id='word_1_84' title='bbox 781 1574 862 1645; x_wconf 89' lang='lat' dir='ltr'><em>retia</em></span> <span class='ocrx_word' id='word_1_85' title='bbox 881 1572 986 1644; x_wconf 88' lang='lat' dir='ltr'><em>cervis</em></span> <span class='ocrx_word' id='word_1_86' title='bbox 1063 1638 1067 1650; x_wconf 90' lang='grc'>,</span> 
     </span>
     <span class='ocr_line' id='line_1_14' title="bbox 210 1663 1182 1764; baseline -0.008 -20"><span class='ocrx_word' id='word_1_87' title='bbox 210 1672 289 1745; x_wconf 88' lang='lat' dir='ltr'><em>Ulla</em></span> <span class='ocrx_word' id='word_1_88' title='bbox 305 1669 420 1741; x_wconf 41' lang='lat' dir='ltr'><em>‘dolum</em></span> <span class='ocrx_word' id='word_1_89' title='bbox 445 1670 662 1740; x_wconf 77' lang='lat' dir='ltr'><em>meditantur.-</em></span> <span class='ocrx_word' id='word_1_90' title='bbox 687 1693 774 1740; x_wconf 90' lang='lat' dir='ltr'><em>amat</em></span> <span class='ocrx_word' id='word_1_91' title='bbox 799 1670 901 1751; x_wconf 90' lang='lat' dir='ltr'><em>bonus</em></span> <span class='ocrx_word' id='word_1_92' title='bbox 919 1667 987 1738; x_wconf 89' lang='lat' dir='ltr'><em>otia</em></span> <span class='ocrx_word' id='word_1_93' title='bbox 1011 1663 1182 1764; x_wconf 60' lang='lat' dir='ltr'><em>Daphnin</em></span> 
     </span>
     <span class='ocr_line' id='line_1_15' title="bbox 145 1763 881 1860; baseline 0.001 -22"><span class='ocrx_word' id='word_1_94' title='bbox 145 1777 149 1791; x_wconf 96' lang='lat'><em>&#39;</em></span> <span class='ocrx_word' id='word_1_95' title='bbox 209 1764 277 1860; x_wconf 77' lang='lat' dir='ltr'><em>Ipsi</em></span> <span class='ocrx_word' id='word_1_96' title='bbox 303 1764 420 1835; x_wconf 83' lang='lat' dir='ltr'><em>laetitia</em></span> <span class='ocrx_word' id='word_1_97' title='bbox 444 1789 537 1837; x_wconf 86' lang='lat' dir='ltr'><em>uoces</em></span> <span class='ocrx_word' id='word_1_98' title='bbox 564 1764 607 1835; x_wconf 84' lang='lat' dir='ltr'><em>ad</em></span> <span class='ocrx_word' id='word_1_99' title='bbox 624 1763 734 1858; x_wconf 73' lang='lat' dir='ltr'><em>Mera</em></span> <span class='ocrx_word' id='word_1_100' title='bbox 753 1768 881 1860; x_wconf 68' lang='lat' dir='ltr'><em>jaciant</em></span> 
     </span>
    </p>

    <p class='ocr_par' dir='ltr' id='par_1_6' title="bbox 209 1858 974 1958">
     <span class='ocr_line' id='line_1_16' title="bbox 209 1858 974 1958; baseline -0.008 -21"><span class='ocrx_word' id='word_1_101' title='bbox 209 1858 334 1954; x_wconf 79' lang='lat' dir='ltr'><em>Intonfi</em></span> <span class='ocrx_word' id='word_1_102' title='bbox 351 1885 494 1935; x_wconf 84' lang='lat' dir='ltr'><em>montes:</em></span> <span class='ocrx_word' id='word_1_103' title='bbox 520 1861 596 1954; x_wconf 81' lang='lat' dir='ltr'><em>ipsae</em></span> <span class='ocrx_word' id='word_1_104' title='bbox 604 1863 675 1955; x_wconf 85' lang='lat' dir='ltr'><em>jam</em></span> <span class='ocrx_word' id='word_1_105' title='bbox 696 1867 836 1935; x_wconf 86' lang='lat' dir='ltr'><em>carmina</em></span> <span class='ocrx_word' id='word_1_106' title='bbox 862 1881 974 1958; x_wconf 76' lang='lat' dir='ltr'><em>rupes,</em></span> 
     </span>
    </p>

    <p class='ocr_par' dir='ltr' id='par_1_7' title="bbox 210 1955 1141 2153">
     <span class='ocr_line' id='line_1_17' title="bbox 210 1955 1141 2054; baseline -0.006 -22"><span class='ocrx_word' id='word_1_107' title='bbox 210 1959 287 2053; x_wconf 80' lang='lat' dir='ltr'><em>Ipsa</em></span> <span class='ocrx_word' id='word_1_108' title='bbox 304 1956 423 2042; x_wconf 85' lang='lat' dir='ltr'><em>sonant</em></span> <span class='ocrx_word' id='word_1_109' title='bbox 447 1955 591 2052; x_wconf 80' lang='lat' dir='ltr'><em>arbusta,</em></span> <span class='ocrx_word' id='word_1_110' title='bbox 615 1960 727 2040; x_wconf 84' lang='lat' dir='ltr'><em>Deus,</em></span> <span class='ocrx_word' id='word_1_111' title='bbox 744 1961 838 2032; x_wconf 89' lang='lat' dir='ltr'><em>Deus</em></span> <span class='ocrx_word' id='word_1_112' title='bbox 865 1961 944 2041; x_wconf 81' lang='lat' dir='ltr'><em>ille,</em></span> <span class='ocrx_word' id='word_1_113' title='bbox 960 1956 1141 2054; x_wconf 79' lang='lat' dir='ltr'><em>Menalca,</em></span> 
     </span>
     <span class='ocr_line' id='line_1_18' title="bbox 211 2051 1056 2153; baseline 0.002 -32"><span class='ocrx_word' id='word_1_114' title='bbox 211 2061 269 2133; x_wconf 82' lang='lat' dir='ltr'><em>Sis</em></span> <span class='ocrx_word' id='word_1_115' title='bbox 295 2057 396 2129; x_wconf 91' lang='lat' dir='ltr'><em>bonus</em></span> <span class='ocrx_word' id='word_1_116' title='bbox 420 2051 600 2148; x_wconf 77' lang='lat' dir='ltr'><em>bseliane</em></span> <span class='ocrx_word' id='word_1_117' title='bbox 627 2055 711 2124; x_wconf 87' lang='lat' dir='ltr'><em>tuis:</em></span> <span class='ocrx_word' id='word_1_118' title='bbox 737 2081 776 2126; x_wconf 91' lang='lat' dir='ltr'><em>en</em></span> <span class='ocrx_word' id='word_1_119' title='bbox 801 2078 938 2153; x_wconf 91' lang='lat' dir='ltr'><em>quatuor</em></span> <span class='ocrx_word' id='word_1_120' title='bbox 962 2079 1056 2126; x_wconf 86' lang='lat' dir='ltr'><em>oros:</em></span> 
     </span>
    </p>

    <p class='ocr_par' dir='ltr' id='par_1_8' title="bbox 212 2149 1084 2442">
     <span class='ocr_line' id='line_1_19' title="bbox 213 2149 1084 2242; baseline -0.009 -16"><span class='ocrx_word' id='word_1_121' title='bbox 213 2157 299 2226; x_wconf 80' lang='lat' dir='ltr'><em>Ecce</em></span> <span class='ocrx_word' id='word_1_122' title='bbox 327 2155 410 2225; x_wconf 77' lang='lat' dir='ltr'><em>eluas</em></span> <span class='ocrx_word' id='word_1_123' title='bbox 436 2151 496 2221; x_wconf 88' lang='lat' dir='ltr'><em>tibi</em></span> <span class='ocrx_word' id='word_1_124' title='bbox 518 2152 675 2242; x_wconf 78' lang='lat' dir='ltr'><em>Daphni,</em></span> <span class='ocrx_word' id='word_1_125' title='bbox 698 2149 778 2222; x_wconf 81' lang='lat' dir='ltr'><em>eluas</em></span> <span class='ocrx_word' id='word_1_126' title='bbox 804 2152 922 2224; x_wconf 89' lang='lat' dir='ltr'><em>altario</em></span> <span class='ocrx_word' id='word_1_127' title='bbox 948 2149 1084 2226; x_wconf 76' lang='lat' dir='ltr'><em>Pbaeboz</em></span> 
     </span>
     <span class='ocr_line' id='line_1_20' title="bbox 212 2246 1057 2344; baseline -0.001 -26"><span class='ocrx_word' id='word_1_128' title='bbox 212 2249 342 2324; x_wconf 82' lang='lat' dir='ltr'><em>Pocula</em></span> <span class='ocrx_word' id='word_1_129' title='bbox 363 2248 437 2318; x_wconf 88' lang='lat' dir='ltr'><em>bina</em></span> <span class='ocrx_word' id='word_1_130' title='bbox 459 2270 543 2316; x_wconf 88' lang='lat' dir='ltr'><em>nova</em></span> <span class='ocrx_word' id='word_1_131' title='bbox 560 2248 744 2342; x_wconf 76' lang='lat' dir='ltr'><em>spumantia</em></span> <span class='ocrx_word' id='word_1_132' title='bbox 769 2249 849 2321; x_wconf 78' lang='lat' dir='ltr'><em>balbe</em></span> <span class='ocrx_word' id='word_1_133' title='bbox 869 2246 1057 2344; x_wconf 80' lang='lat' dir='ltr'><em>quotannis,</em></span> 
     </span>
     <span class='ocr_line' id='line_1_21' title="bbox 214 2338 1027 2442; baseline -0.005 -28"><span class='ocrx_word' id='word_1_134' title='bbox 214 2343 427 2440; x_wconf 73' lang='lat' dir='ltr'><em>craterasque</em></span> <span class='ocrx_word' id='word_1_135' title='bbox 452 2339 516 2411; x_wconf 76' lang='lat' dir='ltr'><em>duo</em></span> <span class='ocrx_word' id='word_1_136' title='bbox 531 2338 675 2435; x_wconf 78' lang='lat' dir='ltr'><em>statuam</em></span> <span class='ocrx_word' id='word_1_137' title='bbox 693 2345 754 2414; x_wconf 89' lang='lat' dir='ltr'><em>tibi</em></span> <span class='ocrx_word' id='word_1_138' title='bbox 765 2347 901 2442; x_wconf 78' lang='lat' dir='ltr'><em>pinguis</em></span> <span class='ocrx_word' id='word_1_139' title='bbox 922 2344 1027 2416; x_wconf 83' lang='lat' dir='ltr'><em>olivi:</em></span> 
     </span>
    </p>

    <p class='ocr_par' dir='ltr' id='par_1_9' title="bbox 214 2436 1145 2922">
     <span class='ocr_line' id='line_1_22' title="bbox 215 2436 1100 2532; baseline 0 -24"><span class='ocrx_word' id='word_1_140' title='bbox 215 2444 261 2513; x_wconf 81' lang='lat' dir='ltr'><em>Et</em></span> <span class='ocrx_word' id='word_1_141' title='bbox 282 2441 380 2509; x_wconf 89' lang='lat' dir='ltr'><em>multo</em></span> <span class='ocrx_word' id='word_1_142' title='bbox 403 2438 437 2509; x_wconf 90' lang='lat' dir='ltr'><em>in</em></span> <span class='ocrx_word' id='word_1_143' title='bbox 459 2438 577 2532; x_wconf 78' lang='lat' dir='ltr'><em>primis</em></span> <span class='ocrx_word' id='word_1_144' title='bbox 604 2436 748 2510; x_wconf 81' lang='lat' dir='ltr'><em>hilarans</em></span> <span class='ocrx_word' id='word_1_145' title='bbox 773 2441 923 2514; x_wconf 86' lang='lat' dir='ltr'><em>conuiuia</em></span> <span class='ocrx_word' id='word_1_146' title='bbox 945 2438 1100 2518; x_wconf 80' lang='lat' dir='ltr'><em>Baccho,</em></span> 
     </span>
     <span class='ocr_line' id='line_1_23' title="bbox 216 2530 1145 2630; baseline 0.001 -25"><span class='ocrx_word' id='word_1_147' title='bbox 216 2544 307 2611; x_wconf 84' lang='lat' dir='ltr'><em>Ante</em></span> <span class='ocrx_word' id='word_1_148' title='bbox 323 2533 456 2625; x_wconf 68' lang='lat' dir='ltr'><em>sotum,</em></span> <span class='ocrx_word' id='word_1_149' title='bbox 477 2530 634 2630; x_wconf 80' lang='lat' dir='ltr'><em>ssrigns</em></span> <span class='ocrx_word' id='word_1_150' title='bbox 662 2535 743 2615; x_wconf 76' lang='lat' dir='ltr'><em>erit,</em></span> <span class='ocrx_word' id='word_1_151' title='bbox 764 2535 794 2630; x_wconf 79' lang='lat' dir='ltr'><em>fi</em></span> <span class='ocrx_word' id='word_1_152' title='bbox 819 2533 937 2626; x_wconf 81' lang='lat' dir='ltr'><em>meffis,</em></span> <span class='ocrx_word' id='word_1_153' title='bbox 958 2537 992 2607; x_wconf 93' lang='lat' dir='ltr'><em>in</em></span> <span class='ocrx_word' id='word_1_154' title='bbox 1012 2533 1145 2619; x_wconf 80' lang='lat' dir='ltr'><em>umbra,</em></span> 
     </span>
     <span class='ocr_line' id='line_1_24' title="bbox 219 2629 1072 2724; baseline -0.006 -18"><span class='ocrx_word' id='word_1_155' title='bbox 219 2633 259 2706; x_wconf 86' lang='lat' dir='ltr'><em>V</em></span> <span class='ocrx_word' id='word_1_156' title='bbox 256 2657 310 2701; x_wconf 88' lang='lat' dir='ltr'><em>tna</em></span> <span class='ocrx_word' id='word_1_157' title='bbox 337 2657 454 2704; x_wconf 88' lang='lat' dir='ltr'><em>novum</em></span> <span class='ocrx_word' id='word_1_158' title='bbox 474 2629 613 2721; x_wconf 75' lang='lat' dir='ltr'><em>fundam</em></span> <span class='ocrx_word' id='word_1_159' title='bbox 639 2633 775 2705; x_wconf 75' lang='lat' dir='ltr'><em>calathis</em></span> <span class='ocrx_word' id='word_1_160' title='bbox 799 2629 934 2724; x_wconf 78' lang='lat' dir='ltr'><em>Arnisa</em></span> <span class='ocrx_word' id='word_1_161' title='bbox 955 2629 1072 2704; x_wconf 73' lang='lat' dir='ltr'><em>nella.</em></span> 
     </span>
     <span class='ocr_line' id='line_1_25' title="bbox 214 2728 1079 2824; baseline 0.001 -27"><span class='ocrx_word' id='word_1_162' title='bbox 214 2728 401 2806; x_wconf 82' lang='lat' dir='ltr'><em>-Cantitbunt</em></span> <span class='ocrx_word' id='word_1_163' title='bbox 426 2728 503 2798; x_wconf 85' lang='lat' dir='ltr'><em>milti</em></span> <span class='ocrx_word' id='word_1_164' title='bbox 529 2728 713 2809; x_wconf 72' lang='lat' dir='ltr'><em>namara,</em></span> <span class='ocrx_word' id='word_1_165' title='bbox 738 2730 779 2805; x_wconf 60' lang='grc' dir='ltr'><em>Θ</em></span> <span class='ocrx_word' id='word_1_166' title='bbox 796 2731 929 2802; x_wconf 82' lang='lat' dir='ltr'><em>Lullius</em></span> <span class='ocrx_word' id='word_1_167' title='bbox 946 2730 1079 2824; x_wconf 82' lang='lat' dir='ltr'><em>AEgon:</em></span> 
     </span>
     <span class='ocr_line' id='line_1_26' title="bbox 219 2823 987 2922; baseline 0.007 -30"><span class='ocrx_word' id='word_1_168' title='bbox 219 2823 387 2902; x_wconf 75' lang='lat' dir='ltr'><em>Saleantes</em></span> <span class='ocrx_word' id='word_1_169' title='bbox 402 2824 532 2910; x_wconf 87' lang='lat' dir='ltr'><em>saturos</em></span> <span class='ocrx_word' id='word_1_170' title='bbox 560 2824 736 2895; x_wconf 80' lang='lat' dir='ltr'><em>imitabitur</em></span> <span class='ocrx_word' id='word_1_171' title='bbox 762 2823 987 2922; x_wconf 76' lang='lat' dir='ltr'><em>Alpltefiboeus.</em></span> 
     </span>
    </p>

    <p class='ocr_par' dir='ltr' id='par_1_10' title="bbox 220 2918 1182 3592">
     <span class='ocr_line' id='line_1_27' title="bbox 220 2918 1127 3012; baseline 0.004 -24"><span class='ocrx_word' id='word_1_172' title='bbox 220 2925 304 2996; x_wconf 82' lang='lat' dir='ltr'><em>Haec</em></span> <span class='ocrx_word' id='word_1_173' title='bbox 331 2919 389 2988; x_wconf 89' lang='lat' dir='ltr'><em>tibi</em></span> <span class='ocrx_word' id='word_1_174' title='bbox 405 2920 529 3012; x_wconf 74' lang='lat' dir='ltr'><em>semper</em></span> <span class='ocrx_word' id='word_1_175' title='bbox 558 2943 671 2999; x_wconf 80' lang='lat' dir='ltr'><em>erunt,</em></span> <span class='ocrx_word' id='word_1_176' title='bbox 696 2918 736 2995; x_wconf 56' lang='grc' dir='ltr'><em>Θ</em></span> <span class='ocrx_word' id='word_1_177' title='bbox 767 2947 835 2994; x_wconf 91' lang='lat' dir='ltr'><em>cum</em></span> <span class='ocrx_word' id='word_1_178' title='bbox 852 2922 1025 3008; x_wconf 85' lang='lat' dir='ltr'><em>sollemnia</em></span> <span class='ocrx_word' id='word_1_179' title='bbox 1050 2941 1127 2993; x_wconf 84' lang='lat' dir='ltr'><em>uota</em></span> 
     </span>
     <span class='ocr_line' id='line_1_28' title="bbox 223 3015 1181 3112; baseline -0.004 -21"><span class='ocrx_word' id='word_1_180' title='bbox 223 3018 410 3091; x_wconf 80' lang='lat' dir='ltr'><em>Reddetnus</em></span> <span class='ocrx_word' id='word_1_181' title='bbox 435 3017 618 3108; x_wconf 77' lang='lat' dir='ltr'><em>Namptis,</em></span> <span class='ocrx_word' id='word_1_182' title='bbox 644 3016 684 3091; x_wconf 76' lang='lat'><em>&amp;</em></span> <span class='ocrx_word' id='word_1_183' title='bbox 708 3041 778 3088; x_wconf 92' lang='lat' dir='ltr'><em>cum</em></span> <span class='ocrx_word' id='word_1_184' title='bbox 802 3015 1008 3111; x_wconf 85' lang='lat' dir='ltr'><em>luslrubimus</em></span> <span class='ocrx_word' id='word_1_185' title='bbox 1029 3042 1141 3112; x_wconf 77' lang='lat' dir='ltr'><em>agros.</em></span> <span class='ocrx_word' id='word_1_186' title='bbox 1179 3056 1181 3065; x_wconf 36' lang='grc' dir='ltr'><strong><em>ι</em></strong></span> 
     </span>
     <span class='ocr_line' id='line_1_29' title="bbox 222 3110 1182 3219; baseline 0.003 -35"><span class='ocrx_word' id='word_1_187' title='bbox 222 3117 313 3188; x_wconf 85' lang='lat' dir='ltr'><em>Dum</em></span> <span class='ocrx_word' id='word_1_188' title='bbox 332 3112 418 3206; x_wconf 81' lang='lat' dir='ltr'><em>juga</em></span> <span class='ocrx_word' id='word_1_189' title='bbox 441 3114 555 3181; x_wconf 89' lang='lat' dir='ltr'><em>montis</em></span> <span class='ocrx_word' id='word_1_190' title='bbox 577 3133 676 3207; x_wconf 79' lang='lat' dir='ltr'><em>oper,</em></span> <span class='ocrx_word' id='word_1_191' title='bbox 688 3114 817 3209; x_wconf 83' lang='lat' dir='ltr'><em>fluvios</em></span> <span class='ocrx_word' id='word_1_192' title='bbox 840 3118 914 3185; x_wconf 80' lang='lat' dir='ltr'><em>dum</em></span> <span class='ocrx_word' id='word_1_193' title='bbox 930 3114 1026 3219; x_wconf 74' lang='lat' dir='ltr'><em>piscis</em></span> <span class='ocrx_word' id='word_1_194' title='bbox 1047 3110 1182 3187; x_wconf 78' lang='lat' dir='ltr'><em>amabit:</em></span> 
     </span>
     <span class='ocr_line' id='line_1_30' title="bbox 224 3207 1177 3303; baseline 0.003 -26"><span class='ocrx_word' id='word_1_195' title='bbox 224 3213 374 3300; x_wconf 80' lang='lat' dir='ltr'><em>Dumque</em></span> <span class='ocrx_word' id='word_1_196' title='bbox 396 3208 505 3278; x_wconf 86' lang='lat' dir='ltr'><em>tltumo</em></span> <span class='ocrx_word' id='word_1_197' title='bbox 525 3207 693 3301; x_wconf 79' lang='lat' dir='ltr'><em>pascentur</em></span> <span class='ocrx_word' id='word_1_198' title='bbox 716 3210 815 3303; x_wconf 73' lang='lat' dir='ltr'><em>apes,</em></span> <span class='ocrx_word' id='word_1_199' title='bbox 839 3214 915 3280; x_wconf 82' lang='lat' dir='ltr'><em>dum</em></span> <span class='ocrx_word' id='word_1_200' title='bbox 939 3235 1010 3281; x_wconf 87' lang='lat' dir='ltr'><em>rore</em></span> <span class='ocrx_word' id='word_1_201' title='bbox 1036 3209 1177 3286; x_wconf 72' lang='lat' dir='ltr'><em>cicade,</em></span> 
     </span>
     <span class='ocr_line' id='line_1_31' title="bbox 225 3303 1182 3401; baseline 0.004 -27"><span class='ocrx_word' id='word_1_202' title='bbox 225 3311 358 3398; x_wconf 78' lang='lat' dir='ltr'><em>Semper</em></span> <span class='ocrx_word' id='word_1_203' title='bbox 380 3303 498 3379; x_wconf 78' lang='lat' dir='ltr'><em>bonos,</em></span> <span class='ocrx_word' id='word_1_204' title='bbox 519 3327 692 3398; x_wconf 89' lang='lat' dir='ltr'><em>nomenque</em></span> <span class='ocrx_word' id='word_1_205' title='bbox 710 3325 818 3389; x_wconf 89' lang='lat' dir='ltr'><em>tuum,</em></span> <span class='ocrx_word' id='word_1_206' title='bbox 840 3305 1008 3401; x_wconf 79' lang='lat' dir='ltr'><em>laudesque</em></span> <span class='ocrx_word' id='word_1_207' title='bbox 1028 3305 1182 3378; x_wconf 88' lang='lat' dir='ltr'><em>manebun</em></span> 
     </span>
     <span class='ocr_line' id='line_1_32' title="bbox 229 3400 1109 3498; baseline 0 -28"><span class='ocrx_word' id='word_1_208' title='bbox 229 3403 273 3474; x_wconf 89' lang='lat' dir='ltr'><em>Ut</em></span> <span class='ocrx_word' id='word_1_209' title='bbox 299 3400 667 3492; x_wconf 60' lang='lat' dir='ltr'><em>Bacclm’9„Ce&#39;rerique‚&#39;</em></span> <span class='ocrx_word' id='word_1_210' title='bbox 688 3400 747 3471; x_wconf 92' lang='lat' dir='ltr'><em>tibi</em></span> <span class='ocrx_word' id='word_1_211' title='bbox 762 3400 812 3495; x_wconf 82' lang='lat' dir='ltr'><em>fic</em></span> <span class='ocrx_word' id='word_1_212' title='bbox 836 3422 910 3472; x_wconf 87' lang='lat' dir='ltr'><em>vata</em></span> <span class='ocrx_word' id='word_1_213' title='bbox 938 3403 1109 3498; x_wconf 79' lang='lat' dir='ltr'><em>quotannis</em></span> 
     </span>
     <span class='ocr_line' id='line_1_33' title="bbox 227 3490 1061 3592; baseline -0.002 -22"><span class='ocrx_word' id='word_1_214' title='bbox 227 3490 397 3592; x_wconf 62' lang='lat' dir='ltr'><em>Agricolt&#39;e</em></span> <span class='ocrx_word' id='word_1_215' title='bbox 409 3496 551 3588; x_wconf 83' lang='lat' dir='ltr'><em>sacient:</em></span> <span class='ocrx_word' id='word_1_216' title='bbox 578 3498 744 3583; x_wconf 72' lang='lat' dir='ltr'><em>damnabis</em></span> <span class='ocrx_word' id='word_1_217' title='bbox 765 3519 799 3568; x_wconf 90' lang='lat' dir='ltr'><em>tu</em></span> <span class='ocrx_word' id='word_1_218' title='bbox 820 3522 940 3592; x_wconf 89' lang='lat' dir='ltr'><em>quoque</em></span> <span class='ocrx_word' id='word_1_219' title='bbox 966 3500 1061 3571; x_wconf 87' lang='lat' dir='ltr'><em>votis.</em></span> 
     </span>
    </p>

    <p class='ocr_par' dir='ltr' id='par_1_11' title="bbox 228 3591 1182 3976">
     <span class='ocr_line' id='line_1_34' title="bbox 228 3591 1182 3686; baseline -0.002 -21"><span class='ocrx_word' id='word_1_220' title='bbox 228 3593 306 3665; x_wconf 86' lang='lat' dir='ltr'><em>Mo.</em></span> <span class='ocrx_word' id='word_1_221' title='bbox 332 3592 418 3685; x_wconf 79' lang='lat' dir='ltr'><em>Quae</em></span> <span class='ocrx_word' id='word_1_222' title='bbox 440 3593 524 3674; x_wconf 83' lang='lat' dir='ltr'><em>tibi,</em></span> <span class='ocrx_word' id='word_1_223' title='bbox 550 3615 622 3686; x_wconf 76' lang='lat' dir='ltr'><em>quet</em></span> <span class='ocrx_word' id='word_1_224' title='bbox 645 3595 704 3663; x_wconf 87' lang='lat' dir='ltr'><em>toli</em></span> <span class='ocrx_word' id='word_1_225' title='bbox 729 3593 860 3666; x_wconf 79' lang='lat' dir='ltr'><em>reddant</em></span> <span class='ocrx_word' id='word_1_226' title='bbox 903 3619 938 3664; x_wconf 93' lang='lat' dir='ltr'><em>ro</em></span> <span class='ocrx_word' id='word_1_227' title='bbox 964 3596 1103 3667; x_wconf 86' lang='lat' dir='ltr'><em>carmine</em></span> <span class='ocrx_word' id='word_1_228' title='bbox 1124 3591 1182 3665; x_wconf 85' lang='lat' dir='ltr'><em>‹lort</em></span> 
     </span>
     <span class='ocr_line' id='line_1_35' title="bbox 230 3614 1114 3791; baseline 0.002 -30"><span class='ocrx_word' id='word_1_229' title='bbox 230 3691 322 3761; x_wconf 90' lang='lat' dir='ltr'><em>Nam</em></span> <span class='ocrx_word' id='word_1_230' title='bbox 345 3714 444 3791; x_wconf 89' lang='lat' dir='ltr'><em>neque</em></span> <span class='ocrx_word' id='word_1_231' title='bbox 466 3711 514 3761; x_wconf 89' lang='lat' dir='ltr'><em>me</em></span> <span class='ocrx_word' id='word_1_232' title='bbox 539 3708 664 3790; x_wconf 69' lang='lat' dir='ltr'><em>quntum</em></span> <span class='ocrx_word' id='word_1_233' title='bbox 689 3693 845 3762; x_wconf 88' lang='lat' dir='ltr'><em>venientis</em></span> <span class='ocrx_word' id='word_1_234' title='bbox 860 3614 972 3784; x_wconf 83' lang='lat' dir='ltr'><em>sibilus</em></span> <span class='ocrx_word' id='word_1_235' title='bbox 993 3689 1114 3784; x_wconf 81' lang='lat' dir='ltr'><em>austri,</em></span> 
     </span>
     <span class='ocr_line' id='line_1_36' title="bbox 232 3784 1152 3884; baseline -0.002 -27"><span class='ocrx_word' id='word_1_236' title='bbox 232 3787 306 3857; x_wconf 89' lang='lat' dir='ltr'><em>Nec</em></span> <span class='ocrx_word' id='word_1_237' title='bbox 326 3784 469 3881; x_wconf 70' lang='lat' dir='ltr'><em>percussa</em></span> <span class='ocrx_word' id='word_1_238' title='bbox 488 3786 606 3880; x_wconf 81' lang='lat' dir='ltr'><em>juvant</em></span> <span class='ocrx_word' id='word_1_239' title='bbox 616 3785 727 3878; x_wconf 73' lang='lat' dir='ltr'><em>flublu</em></span> <span class='ocrx_word' id='word_1_240' title='bbox 752 3806 819 3856; x_wconf 91' lang='lat' dir='ltr'><em>tam</em></span> <span class='ocrx_word' id='word_1_241' title='bbox 844 3788 979 3869; x_wconf 83' lang='lat' dir='ltr'><em>littora,</em></span> <span class='ocrx_word' id='word_1_242' title='bbox 1004 3812 1061 3862; x_wconf 92' lang='lat' dir='ltr'><em>nec</em></span> <span class='ocrx_word' id='word_1_243' title='bbox 1081 3810 1152 3884; x_wconf 78' lang='lat' dir='ltr'><em>quac</em></span> 
     </span>
     <span class='ocr_line' id='line_1_37' title="bbox 234 3877 975 3976; baseline 0.001 -24"><span class='ocrx_word' id='word_1_244' title='bbox 234 3877 376 3967; x_wconf 84' lang='lat' dir='ltr'><em>Saxosas&#39;</em></span> <span class='ocrx_word' id='word_1_245' title='bbox 399 3884 483 3954; x_wconf 83' lang='lat' dir='ltr'><em>inter</em></span> <span class='ocrx_word' id='word_1_246' title='bbox 506 3882 677 3954; x_wconf 77' lang='lat' dir='ltr'><em>decurrunt</em></span> <span class='ocrx_word' id='word_1_247' title='bbox 691 3883 834 3976; x_wconf 76' lang='lat' dir='ltr'><em>flumina</em></span> <span class='ocrx_word' id='word_1_248' title='bbox 861 3883 975 3954; x_wconf 84' lang='lat' dir='ltr'><em>valles.</em></span> 
     </span>
    </p>

    <p class='ocr_par' dir='ltr' id='par_1_12' title="bbox 235 3973 1136 4072">
     <span class='ocr_line' id='line_1_38' title="bbox 235 3973 1136 4072; baseline 0.001 -22"><span class='ocrx_word' id='word_1_249' title='bbox 235 3976 312 4050; x_wconf 87' lang='lat' dir='ltr'><em>Me.</em></span> <span class='ocrx_word' id='word_1_250' title='bbox 338 3976 413 4051; x_wconf 82' lang='lat' dir='ltr'><em>Hac</em></span> <span class='ocrx_word' id='word_1_251' title='bbox 437 3999 467 4052; x_wconf 90' lang='lat' dir='ltr'><em>te</em></span> <span class='ocrx_word' id='word_1_252' title='bbox 491 4004 548 4061; x_wconf 85' lang='lat' dir='ltr'><em>nos</em></span> <span class='ocrx_word' id='word_1_253' title='bbox 562 3973 684 4072; x_wconf 80' lang='lat' dir='ltr'><em>fragili</em></span> <span class='ocrx_word' id='word_1_254' title='bbox 707 3976 895 4053; x_wconf 80' lang='lat' dir='ltr'><em>donabimus</em></span> <span class='ocrx_word' id='word_1_255' title='bbox 921 4000 996 4054; x_wconf 89' lang='lat' dir='ltr'><em>ante</em></span> <span class='ocrx_word' id='word_1_256' title='bbox 1021 3981 1136 4057; x_wconf 84' lang='lat' dir='ltr'><em>cicuta.</em></span> 
     </span>
    </p>
   </div>
   <div class='ocr_carea' id='block_1_4' title="bbox 1066 4077 1182 4174">
    <p class='ocr_par' dir='ltr' id='par_1_13' title="bbox 1066 4077 1182 4174">
     <span class='ocr_line' id='line_1_39' title="bbox 1066 4077 1182 4174; baseline -0.009 -19"><span class='ocrx_word' id='word_1_257' title='bbox 1066 4169 1069 4174; x_wconf 25' lang='lat'><strong><em>¹</em></strong></span> <span class='ocrx_word' id='word_1_258' title='bbox 1151 4077 1182 4154; x_wconf 79' lang='lat' dir='ltr'>fi</span> 
     </span>
    </p>
   </div>
   <div class='ocr_carea' id='block_1_5' title="bbox 0 0 1482 4709">
    <p class='ocr_par' dir='ltr' id='par_1_14' title="bbox 0 0 1482 4709">
     <span class='ocr_line' id='line_1_40' title="bbox 0 0 1482 4709; baseline 0 0"><span class='ocrx_word' id='word_1_259' title='bbox 0 0 1482 4709; x_wconf 95' lang='lat' dir='ltr'><em> </em></span> 
     </span>
    </p>
   </div>
  </div>
 </body>
</html>
