2859 4709
231 411 306 505 &2
552 406 941 478 'Senou1u·
1271 486 1273 490 ,

223 534 300 627 sum
322 550 414 602 eaneo
437 549 497 624 ego
524 530 682 627 ingenio,-
700 550 820 621 ouamo
844 516 1077 619 Themistocles
1091 519 1185 613 fule,
1210 542 1241 595 ue

231 628 402 701 oblivionis
428 646 549 710 areem,
578 653 673 721 quam
703 628 865 699 memoriae
887 625 1017 696 malim:
1039 623 1241 718 gratiamque

232 724 335 798 lialeo
354 723 534 802 Simonidi,
561 727 610 794 illi
634 729 726 805 Coo,
747 748 837 819 quem
857 725 992 818 primum
1009 718 1127 808 ferum
1149 740 1244 789 arrem

160 854 168 879 ν
230 824 393 894 memoriae
416 821 589 914 protuliffe.
623 827 750 894 Dieron
768 823 869 903 euim,
892 843 986 914 quum
1007 836 1148 886 cursaret
1166 815 1244 886 Cra·

232 944 316 991 none
340 922 375 992 iu
396 918 560 1010 Tlreffalia
577 921 757 991 Simonides
779 921 868 1012 apud
889 922 1025 1010 Scopam
1040 913 1241 1004 fortunarum

234 1016 413 1098 hominem,
440 1015 481 1086 (J
502 1016 662 1094 nobilem,
690 1016 902 1109 aerinifferque
925 1014 962 1086 id
983 1033 1135 1094 carmen,
1164 1011 1241 1104 quod

234 1112 271 1182 in
296 1139 366 1185 eum
376 1111 565 1205 scripfiffee:
591 1115 625 1182 in
651 1137 711 1206 quo
736 1114 836 1181 multa
859 1110 1000 1181 ornandi
1021 1109 1144 1194 caula,
1167 1107 1240 1201 poi·

235 1230 344 1281 earum
367 1233 452 1278 more
483 1213 517 1278 in
543 1205 700 1300 Castorem
723 1207 872 1304 scripta,
899 1204 942 1279 (J
970 1206 1138 1277 Pollucem
1164 1203 1241 1294 fuis·

210 1356 214 1364 -
227 1305 325 1397 sene:
352 1307 448 1375 nimis
476 1305 568 1374 illum
584 1305 716 1392 sordide
746 1304 910 1378 Simonidi
933 1299 1070 1397 ‘llmffl'i
1088 1305 1129 1390 se
1154 1303 1241 1373 duui-

235 1404 437 1495 diumnjm,
454 1407 539 1494 quod
558 1402 688 1499 pallum
713 1402 804 1492 effer,
820 1403 849 1472 ei
863 1421 924 1494 pro
944 1399 1004 1469 illo
1031 1404 1181 1471 carmine
1191 1399 1242 1470 do·

234 1516 362 1570 eurum:
391 1500 547 1593 reliquum
574 1496 594 1566 rl
609 1498 682 1584 suis
707 1497 932 1596 Tyndaridis,
959 1520 1158 1592 quosaeque
1180 1497 1243 1567 la«-

233 1594 358 1686 daffer,
385 1614 528 1688 peteret,
551 1595 582 1690 fi
609 1599 638 1664 ei
661 1595 838 1668 videretur.
873 1596 993 1668 Paullo
1013 1591 1086 1690 poll
1112 1596 1171 1686 effe
1189 1592 1244 1685 Je-

232 1714 310 1762 rum
338 1695 519 1763 nuntiarum
550 1693 727 1778 Simonidi,
754 1715 789 1766 ue
805 1693 996 1788 prodiret:-
997 1695 1145 1786 juvenes
1160 1685 1244 1785 stare

223 1786 279 1860 'ad
295 1791 431 1883 januam
459 1795 539 1863 duos
568 1789 749 1886 quosdam,
772 1793 919 1886 quicum
941 1806 1143 1886 magnopere
1168 1812 1241 1859 evo·

235 1907 369 1959 carens:
392 1885 569 1981 surrexiffe
595 1887 709 1958 illum:
732 1887 911 1985 prodiiffe:
937 1888 1048 1959 vidie
1083 1887 1242 1958 neminem.

236 1984 310 2058 Hoc
325 1983 456 2054 interim
468 1987 577 2080 spatio
596 1987 749 2058 conclaue
770 1985 871 2068 illud,
888 1982 943 2054 uli
959 1985 1152 2078 epularetur
1169 1988 1242 2058 Seo-

232 2098 324 2174 pas,
355 2081 545 2174 concidisse:
572 2105 612 2151 ea
632 2083 731 2151 ruina
744 2076 854 2178 'ipsum
886 2077 1060 2174 oppreffum
1087 2104 1155 2152 aum
1173 2079 1242 2167 suis

236 2174 394 2267 imeriiffe.
447 2179 541 2269 Quos
578 2202 674 2272 quum
709 2180 841 2251 humare
879 2179 997 2265 vellem
1024 2177 1114 2266 sui,
1147 2199 1242 2270 neque

232 2273 356 2368 poffem
386 2274 518 2346 obrutos
554 2276 622 2345 ullo
655 2278 750 2345 modo
788 2275 1033 2361 internoscere,
1071 2274 1244 2347 Simonides

234 2372 382 2449 dieitur,
410 2394 451 2440 ex
477 2397 514 2442 eo
541 2370 624 2467 quod
645 2374 825 2466 meminiffer
851 2398 912 2466 quo
937 2396 1047 2442 eorum
1074 2373 1147 2443 loeo
1170 2370 1245 2466 quis·

236 2491 298 2563 que
324 2466 531 2564 recubuisset,
557 2465 790 2560 demonstrator
814 2468 1055 2562 uuiuscujusque
1069 2466 1245 2566 sepeliendi

230 2565 339 2656 ⁸l'ieiffe.
715 2621 718 2627 .

288 2663 421 2755 *ll-607.
448 2663 595 2738 Vacuam
611 2663 665 2731 eui
682 2658 778 2755 erijlis
794 2665 839 2733 ad
851 2664 990 2753 aream.)
1015 2664 1113 2736 Duas
1131 2662 1246 2735 dicitur

237 2757 384 2831 habuille
408 2784 518 2840 arcas,
536 2761 670 2829 alteram
696 2759 910 2844 Gratiarum,
938 2761 1072 2831 alteram
1091 2761 1246 2853 praemio·

237 2879 335 2938 rum,
361 2881 442 2950 quas
465 2882 570 2950 quum
598 2855 670 2945 poll
696 2858 899 2950 aliquantum
922 2858 1082 2949 temporis
1099 2857 1248 2948 aperuis-

237 2951 310 3029 set,
341 2957 522 3046 gratiarum
547 2954 691 3026 arculam
714 2951 844 3046 semper
868 2953 1002 3025 inanem
1031 2953 1247 3041 offendebam

237 3052 457 3141 proemiorum
483 3053 612 3143 semper
635 3050 776 3143 plenam.
815 3050 898 3122 Hoc
919 3069 1114 3124 commento
1141 3051 1246 3148 figni-

237 3145 348 3218 ficano
373 3145 405 3218 se
426 3149 516 3218 nolle
548 3154 649 3243 graiis
678 3152 801 3220 donare
833 3149 987 3221 carmina.
1022 3151 1099 3232 uide
1134 3156 1244 3245 Adag.

238 3243 413 3317 Simonidis
441 3247 621 3317 cantilenae.
687 3244 940 3318 Et'Theocriri
973 3247 1122 3340 idylium
1154 3249 1246 3320 ritulo

239 3343 376 3413 Grariae.
425 3343 469 3412 Et
492 3341 728 3416 Plutarchum:
759 3341 796 3416 ὅ(
820 3341 958 3418 Aristot.
989 3345 1025 3414 in
1051 3346 1246 3419 Kitron&

238 3435 513 3531 Xenophontem
536 3441 570 3510 in
595 3440 743 3538 Sympofi
1090 3450 1123 3493 ·‘
1231 3488 1237 3495 -

289 3537 370 3627 609.
398 3535 529 3632 Quique
554 3536 610 3626 sui
644 3541 762 3611 uindex
778 3536 882 3628 fuir.)
907 3535 1081 3610 Memoria
1110 3540 1249 3636 dignum

239 3631 305 3712 est,
332 3638 423 3725 quod
447 3632 549 3704 refert
576 3633 709 3706 Suidus:
731 3636 977 3734 Acragaueilus
1002 3635 1166 3731 (inquit)
1186 3635 1249 3706 duee

230 3729 304 3820 fuir
328 3733 453 3802 nomine
480 3732 639 3815 Pioniae,
667 3734 697 3805 is
720 3732 898 3808 Simonidis
915 3733 1127 3827 sepulchrum
1153 3732 1250 3824 (dum

238 3850 310 3899 eum
327 3826 495 3924 Syracufis
517 3831 633 3900 bellum
651 3835 809 3926 gereret)
837 3831 935 3904 nimis
949 3823 1137 3918 insolentem
1157 3850 1248 3926 aeque

237 3925 524 4009 immisericorditer
546 3930 668 4012 diruit,
685 3952 725 3999 ese
743 3932 837 4021 eujus
853 3927 1015 4025 lapidibus
1036 3931 1155 4001 turrim
1175 3950 1248 3999 eou-

167 4067 170 4071 -
222 4015 374 4116 struxit:
398 4048 469 4118 quae
489 4025 614 4111 turris,
635 4046 670 4099 ur
686 4024 805 4102 civitas
819 4047 1013 4126 capererur,
1031 4022 1210 4206 ‘ansuini'

956 4154 958 4159 ·
1146 4172 1157 4196 .
1193 4136 1249 4197 10·

194 1869 203 1926 l
