2859 4709
439 396 1022 474 'ararnoxonlt
1208 427 1259 501 39

239 533 407 612 &nullius
432 534 598 630 dignitatis
623 532 701 616 lint,
730 555 897 627 quamque
916 536 975 606 vix
995 534 1176 610 tolerabilia
1197 539 1259 614 sint

237 669 270 710 2,
284 630 416 702 ueceffe
437 633 491 704 ett
518 631 653 714 Ita'fit,
673 648 709 702 ut
727 634 809 702 dum
833 629 1009 703 locutionis
1027 631 1174 705 lludeant
1194 661 1259 707 ce-

242 766 269 806 „
284 726 429 805 tertiari,
456 726 613 802 orationis
638 746 791 797 ornatum
816 751 976 808 omnem,
992 744 1089 819 atque
1114 731 1258 825 dignita·-

239 867 266 907 „
279 843 352 894 tem
378 843 604 916 corrumpant.
645 822 819 914 Quoniam
840 845 953 896 aurem
978 826 1069 915 quod
1091 825 1125 895 in
1147 829 1257 919 quoti·

239 962 266 1002 „
280 921 385 992 diano
402 919 552 993 sermone
571 917 713 1010 politum
736 917 805 996 est,
827 919 907 990 nihil
927 922 1110 992 admodum
1129 922 1257 998 Latioae

240 1016 429 1103 „orationi
445 1016 600 1110 ‘prodella
624 1018 755 1088 videtur
776 1019 818 1087 ad
841 1041 914 1087 eam
937 1016 1158 1111 dignitatem,
1182 1044 1257 1112 quae

238 1112 359 1204 „ejus
383 1114 506 1210 linguae
529 1111 634 1208 mere*
649 1137 806 1206 germana
832 1113 898 1193 etl,
924 1139 961 1185 ac
983 1113 1121 1185 omnino
1139 1140 1177 1187 ea
1195 1141 1257 1188 no·

240 1211 336 1296 „bis
364 1209 472 1304 aliqua
496 1211 731 1283 exercitatione
753 1231 851 1301 atque
871 1210 1010 1281 artificio
1036 1215 1257 1302 comparanda

242 1328 387 1401 „atque
408 1308 636 1380 confirmanda
664 1307 730 1389 eli,
760 1307 916 1397 equidem
940 1309 975 1376 id
1006 1304 1185 1398 diligentia
1214 1309 1258 1381 ab

238 1428 356 1486 „uno
387 1402 482 1484 stilo,
507 1404 561 1499 qui
587 1402 715 1474 dicendi
736 1400 888 1497 magister
906 1403 942 1478 ὅ(
961 1401 1078 1495 opifex
1096 1402 1142 1493 cll
1167 1406 1258 1500 optiq

240 1541 273 1585 „
288 1523 389 1579 mus,
408 1505 590 1592 petendum
613 1498 676 1570 etse
702 1498 869 1599 ceuseo.“

618 1633 768 1770 Objettio
782 1674 894 1764 sexta.

339 1821 462 1919 Ropter
485 1828 573 1900 varia
598 1826 684 1897 inter
706 1844 821 1921 gentes
836 1828 1036 1900 commercia
1050 1842 1105 1900 aut
1124 1824 1256 1900 ut'cum

352 1922 490 1999 extemis
512 1920 702 1994 hominibus
718 1924 961 2017 colloquamur,
976 1947 1044 1992 uon
1059 1921 1166 1995 solum
1189 1925 1257 1997 uti-

252 2023 310 2105 le,
334 2017 390 2095 sed
411 2017 622 2094 oecellatium
644 2021 821 2114 aliquando
847 2019 894 2091 ell
918 2015 1034 2090 Latine
1057 2019 1161 2112 loqui.

666 2193 841 2290 Resporfio.

336 2343 396 2418 Go
421 2343 570 2417 Latinam
596 2343 747 2438 linguam
771 2359 838 2417 non
862 2348 1003 2427 damno,
1021 2341 1130 2418 stilum
1154 2360 1257 2418 venei

354 2466 410 2511 ror
423 2441 458 2514 &
471 2441 671 2531 ampleelor3
695 2442 811 2533 inquo
838 2446 893 2536 qui
909 2438 1015 2535 prob'e
1036 2441 1134 2512 fuerit
1154 2467 1257 2517 exer-

253 2541 392 2614 citatus,
420 2536 442 2607 st
465 2537 629 2608 neceffitas
654 2542 807 2631 ingruat,
828 2539 961 2627 repente
986 2540 1093 2608 dicet:
1115 2537 1158 2606 da
1180 2539 1258 2611 mihi

247 2653 390 2730 panem,
421 2634 475 2703 vel
498 2635 589 2703 aliud
613 2632 781 2718 obsonium.
828 2637 947 2705 Multis
968 2637 1001 2702 in
1023 2633 1104 2702 locis
1134 2634 1257 2706 Cicero

253 2731 465 2801 commendat
492 2729 624 2806 stilum,
650 2729 685 2801 δὲ
709 2733 748 2799 ad
776 2733 916 2806 Gullum
935 2733 986 2801 tib.
998 2751 1032 2819 7.
1064 2730 1106 2799 fic
1129 2729 1257 2801 scribit:

257 2829 351 2922 Urge
376 2827 502 2922 igitur,
528 2849 587 2896 nec
606 2825 846 2914 transversum,
871 2831 957 2921 quod
983 2829 1096 2907 aiunt,
1119 2825 1140 2896 cl
1154 2824 1259 2920 sti103

253 2926 285 2993 is
307 2925 393 2993 enim
418 2921 546 2992 dicendi
572 2918 686 3014 opifex.
731 2923 826 3012 Quid
849 2925 989 3016 dignum
1010 2924 1071 3011 illis
1094 2925 1260 3011 impreca-

252 3018 348 3098 bor,
379 3023 436 3110 qui
463 3016 504 3088 fic
527 3017 704 3086 admouent
728 3042 874 3108 pueros:
903 3021 967 3094 Vel
997 3016 1080 3089 muli
1105 3019 1158 3089 vel
1183 3019 1260 3099 lette

253 3115 384 3208 loquere
410 3139 478 3185 cum
506 3112 589 3184 m?
613 3116 666 3183 Ex
695 3111 882 3205 hujusmodi
905 3114 1112 3210 sterquiliniis
1137 3133 1261 3186 tantam

253 3213 383 3303 accepit
410 3210 518 3302 lingua
542 3210 657 3280 Latina
681 3210 1078 3285 labem&calamitatem.
1102 3213 1183 3303 Ego
1201 3213 1261 3280 de-

253 3308 356 3398 nique
381 3330 458 3377 cum
487 3303 699 3382 doetiffimis,
728 3308 895 3376 neminem
922 3307 1078 3401 excipio,
1105 3307 1184 3379 viris
1208 3322 1264 3386 te:

254 3425 351 3487 ne0‚
377 3401 463 3470 nulla
497 3420 551 3470 aut
576 3422 698 3479 aemre,
726 3423 780 3472 aut
807 3423 959 3499 tempore
995 3407 1099 3480 aliena
1127 3403 1262 3494 lingua,

252 3501 380 3570 nedum
406 3497 545 3580 Latina,
572 3495 634 3569 effe
660 3499 876 3592 loquendum.
