2859 4709
277 449 349 540 346
480 447 623 520 Asa.
673 449 1080 558 Postumus

277 557 548 664 390Audimus)
576 595 670 644 cantu
693 597 845 669 magnum
865 596 986 667 quoque
1000 571 1080 642 vicit
1094 571 1273 646 Homnun

349 672 498 760 Moxque
511 669 584 738 dolo
597 670 769 739 extinllum
779 671 988 763 ,mersumque
1002 673 1045 739 ad
1058 669 1174 738 littora
1187 665 1274 763 erslis

348 766 546 857 Delphinlcm
572 761 689 837 venire
714 769 849 846 chorus,
870 789 926 836 net
948 763 1052 855 desuie
1078 764 1180 833 index

352 862 464 932 Turba
487 886 622 937 canum,
641 861 805 957 medioque
819 863 931 934 darent
944 864 998 955 qui
1012 883 1146 954 corpora
1153 857 1271 945 setntum

349 957 461 1043 Mersa
473 960 575 1037 mari,
586 957 626 1032 (5
636 962 778 1028 meritam
797 960 962 1050 placarent
973 957 1114 1028 moribus
1129 958 1270 1031 umbram.

277 1067 345 1148 395
359 1052 496 1147 Offique
511 1053 614 1142 ,hctuli
638 1057 733 1124 tellus
758 1057 908 1153 Minyaea
923 1049 1102 1147 sepulchro

347 1154 447 1221 Nunc
473 1152 589 1232 habet,
613 1152 738 1236 annosa
762 1153 926 1245 conspellu
951 1153 1081 1222 interna
1107 1150 1251 1225 uoluerit.

347 1245 422 1316 Nec
444 1271 515 1340 quae
536 1249 774 1342 magnanimum
799 1249 925 1334 nodosa
946 1248 1056 1318 robore
1084 1248 1187 1320 clavae

348 1338 479 1432 instruo
506 1345 672 1421 Alciden,
696 1346 819 1415 nullum
842 1368 1034 1438 nomenque,
1055 1343 1212 1440 decusque
1289 1368 1295 1455 q

349 1439 507 1510 Conciliat
519 1440 630 1533 sierili
654 1440 828 1527 Pisandria
854 1440 940 1527 musa
963 1441 1106 1512 Camiro.
1289 1468 1295 1549 q

149 1535 152 1539 ’
275 1546 346 1626 400
354 1535 426 1604 Nec
451 1538 506 1629 qui
532 1535 665 1629 bissenos
689 1539 804 1607 iterum
828 1560 1001 1608 memorare
1027 1536 1157 1609 labores
1290 1588 1293 1632 :

346 1634 479 1714 Audet,
505 1631 545 1706 (5
572 1629 591 1701 ci
617 1635 723 1725 primo
750 1656 860 1705 vatum
878 1631 1038 1728 figmenta
1064 1635 1211 1730 priorum

348 1727 455 1821 Usque
479 1730 555 1801 chao
582 1732 715 1821 repetit,
741 1755 804 1801 non
818 1729 937 1816 saltem
959 1729 1111 1802 laudibus
1132 1754 1233 1829 aequet

271 1872 273 1876 -
348 1823 532 1910 Ascraeum,
555 1826 760 1922 Clariumque
770 1825 888 1913 senes,
901 1848 957 1895 nec
973 1828 1106 1899 Chalcis
1121 1832 1267 1902 alumno!

344 1923 552 2012 Euphoriona
573 1943 676 1999 taces,
701 1926 796 1993 uario
822 1926 877 2017 qui
899 1921 1046 2018 personat
1066 1948 1121 1995 ore

272 2019 555 2111 405Mosopiam,
578 2043 677 2111 neque
699 2019 823 2118 Tyrtaei
847 2020 1075 2091 Lacedaemona
1103 2043 1198 2094 cantu
1286 2094 1288 2099 .

348 2113 385 2186 V
384 2114 524 2186 iliricem
547 2113 580 2200 se
598 2113 691 2201 serre
714 2119 838 2209 pudet,
864 2117 940 2186 litet
966 2119 1087 2211 impare
1105 2116 1213 2213 greffie

192 2292 203 2300 Ι
347 2208 529 2291 Tenderet,
552 2211 635 2281 adde
661 2213 755 2282 novis
781 2233 955 2285 mutantem
980 2233 1116 2307 corpora
1129 2211 1249 2303 sarmit

343 2307 581 2383 Parthenium,
601 2307 742 2402 pillique
765 2328 927 2379 notantem
950 2310 1073 2379 lumina
1096 2312 1205 2383 mundi

346 2401 513 2495 (Namque
527 2405 587 2474 hoc
603 2399 763 2500 praecipue'
771 2403 809 2490 se
828 2405 968 2475 carmine
980 2406 1106 2497 sallat)
1118 2413 1272 2489 Ar‘attune

271 2515 345 2589 410
355 2500 414 2569 Cui
440 2521 492 2569 cor
519 2499 558 2569 ab
580 2497 695 2594 intoufi
716 2501 780 2593 sax
803 2524 857 2569 ore
879 2500 1008 2586 accensa
1030 2504 1164 2573 Philini

346 2595 466 2668 Urebat
490 2597 654 2688 miserum,
683 2620 774 2690 quern
801 2617 888 2666 terra
917 2597 1020 2683 Cilisa
1043 2601 1187 2695 recepit,

305 2776 308 2782 ῃ
340 2695 383 2761 Et
408 2692 591 2788 portentoso
617 2694 770 2764 celebrem
794 2691 881 2763 dedit
903 2691 961 2786 effe
977 2693 1162 2790 sepulchro.

344 2790 418 2860 Nec
436 2811 467 2859 te
492 2814 581 2883 quem
599 2781 767 2883 Colophon
791 2789 904 2860 tulerit
922 2832 935 2865 2
958 2792 1156 2872 Nicandre,
1174 2794 1271 2869 tacelo

341 2886 483 2956 Paeoniis
509 2888 658 2958 celebrem
671 2883 814 2979 sludiis,
835 2887 889 2979 qui
910 2889 1005 2981 nigra
1030 2911 1157 2960 venena

269 2998 338 3076 415
351 2982 491 3058 Prodit,
512 2981 552 3058 (ν’
570 2979 690 3075 emissos
706 2983 893 3076 serpentum
913 2980 1016 3072 fauce
1031 2984 1188 3072 salvas,

278 3110 282 3115 ¹
340 3078 425 3150 Tum
450 3079 601 3150 medicam
617 3079 790 3174 subjungis
814 3101 926 3174 opem,
945 3081 1124 3176 praedicere
1141 3081 1240 3172 finem

341 3173 609 3263 Morborumt&
627 3179 743 3250 tacitas
757 3198 881 3269 gnarus
898 3178 1134 3268 deprehendere
1149 3179 1261 3269 causas

337 3275 447 3365 Aeque
469 3270 552 3343 idem
573 3273 632 3367 pia
655 3297 733 3343 rura
749 3273 868 3357 sonas,
892 3272 1064 3364 dulciffima
1088 3277 1222 3359 ntiscens

340 3365 481 3462 Accslero
499 3368 658 3466 figmenta
680 3368 779 3462 operi.
796 3369 860 3455 sed
884 3365 985 3463 luslra
1004 3367 1159 3459 serarum
1292 3409 1295 3423 ·

264 3486 338 3561 420
349 3469 533 3542 Scrutatur,
553 3484 666 3560 captatv
692 3467 861 3548 uolucres,
884 3467 1070 3560 prolemque
1091 3489 1262 3546 natantum

338 3565 504 3633 Mandat
528 3563 644 3634 habere
671 3561 737 3635 Pio
758 3559 949 3656 grotissmuc
975 3564 1148 3636 Antonino

339 3661 533 3756 Oppianus,
556 3658 643 3731 dolii
661 3659 827 3753 predives
854 3660 972 3731 honore
1000 3656 1138 3733 laboris.

333 3757 452 3851 Pingit
477 3755 676 3850 &exiguis
706 3774 808 3825 totum
841 3751 1019 3850 Dionysus
1049 3757 1157 3828 orbem

337 3854 513 3926 Terrarum
533 3855 568 3924 in
592 3854 711 3927 tabulis
723 3893 734 3932 ,
740 3848 806 3933 sed
835 3876 897 3924 non
917 3854 958 3926 (9³
975 3853 1095 3949 praelia
1115 3851 1231 3931 Bacchi

261 3966 330 4043 425
344 3953 382 4020 N
385 3974 477 4020 tonus
506 3952 540 4021 in
564 3952 683 4047 exigua
707 3950 817 4042 pmuic
846 3969 1012 4021 contexere
1039 3950 1118 4022 tela.

237 4136 241 4141 Ι
331 4045 500 4164 Battiades
522 4047 672 4125 liffeim
696 4042 796 4193 stilai
807 4089 820 4132 ⁵
840 4043 880 4123 Ψ
906 4046 1122 4121 Mamm
1144 4070 1190 4145 ge
1209 4066 1266 4215 gp.
